%YAML 1.1
%TAG !u! tag:unity3d.com,2011:
--- !u!29 &1
OcclusionCullingSettings:
  m_ObjectHideFlags: 0
  serializedVersion: 2
  m_OcclusionBakeSettings:
    smallestOccluder: 5
    smallestHole: 0.25
    backfaceThreshold: 100
  m_SceneGUID: 00000000000000000000000000000000
  m_OcclusionCullingData: {fileID: 0}
--- !u!104 &2
RenderSettings:
  m_ObjectHideFlags: 0
  serializedVersion: 9
  m_Fog: 0
  m_FogColor: {r: 0.5, g: 0.5, b: 0.5, a: 1}
  m_FogMode: 3
  m_FogDensity: 0.01
  m_LinearFogStart: 0
  m_LinearFogEnd: 300
  m_AmbientSkyColor: {r: 0.212, g: 0.227, b: 0.259, a: 1}
  m_AmbientEquatorColor: {r: 0.114, g: 0.125, b: 0.133, a: 1}
  m_AmbientGroundColor: {r: 0.047, g: 0.043, b: 0.035, a: 1}
  m_AmbientIntensity: 1
  m_AmbientMode: 0
  m_SubtractiveShadowColor: {r: 0.42, g: 0.478, b: 0.627, a: 1}
  m_SkyboxMaterial: {fileID: 10304, guid: 0000000000000000f000000000000000, type: 0}
  m_HaloStrength: 0.5
  m_FlareStrength: 1
  m_FlareFadeSpeed: 3
  m_HaloTexture: {fileID: 0}
  m_SpotCookie: {fileID: 10001, guid: 0000000000000000e000000000000000, type: 0}
  m_DefaultReflectionMode: 0
  m_DefaultReflectionResolution: 128
  m_ReflectionBounces: 1
  m_ReflectionIntensity: 1
  m_CustomReflection: {fileID: 0}
  m_Sun: {fileID: 705507994}
  m_IndirectSpecularColor: {r: 0.44657826, g: 0.49641263, b: 0.57481676, a: 1}
  m_UseRadianceAmbientProbe: 0
--- !u!157 &3
LightmapSettings:
  m_ObjectHideFlags: 0
  serializedVersion: 12
  m_GIWorkflowMode: 1
  m_GISettings:
    serializedVersion: 2
    m_BounceScale: 1
    m_IndirectOutputScale: 1
    m_AlbedoBoost: 1
    m_EnvironmentLightingMode: 0
    m_EnableBakedLightmaps: 1
    m_EnableRealtimeLightmaps: 0
  m_LightmapEditorSettings:
    serializedVersion: 12
    m_Resolution: 2
    m_BakeResolution: 40
    m_AtlasSize: 1024
    m_AO: 0
    m_AOMaxDistance: 1
    m_CompAOExponent: 1
    m_CompAOExponentDirect: 0
    m_ExtractAmbientOcclusion: 0
    m_Padding: 2
    m_LightmapParameters: {fileID: 0}
    m_LightmapsBakeMode: 1
    m_TextureCompression: 1
    m_FinalGather: 0
    m_FinalGatherFiltering: 1
    m_FinalGatherRayCount: 256
    m_ReflectionCompression: 2
    m_MixedBakeMode: 2
    m_BakeBackend: 1
    m_PVRSampling: 1
    m_PVRDirectSampleCount: 32
    m_PVRSampleCount: 500
    m_PVRBounces: 2
    m_PVREnvironmentSampleCount: 500
    m_PVREnvironmentReferencePointCount: 2048
    m_PVRFilteringMode: 2
    m_PVRDenoiserTypeDirect: 0
    m_PVRDenoiserTypeIndirect: 0
    m_PVRDenoiserTypeAO: 0
    m_PVRFilterTypeDirect: 0
    m_PVRFilterTypeIndirect: 0
    m_PVRFilterTypeAO: 0
    m_PVREnvironmentMIS: 0
    m_PVRCulling: 1
    m_PVRFilteringGaussRadiusDirect: 1
    m_PVRFilteringGaussRadiusIndirect: 5
    m_PVRFilteringGaussRadiusAO: 2
    m_PVRFilteringAtrousPositionSigmaDirect: 0.5
    m_PVRFilteringAtrousPositionSigmaIndirect: 2
    m_PVRFilteringAtrousPositionSigmaAO: 1
    m_ExportTrainingData: 0
    m_TrainingDataDestination: TrainingData
    m_LightProbeSampleCountMultiplier: 4
  m_LightingDataAsset: {fileID: 0}
  m_LightingSettings: {fileID: 0}
--- !u!196 &4
NavMeshSettings:
  serializedVersion: 2
  m_ObjectHideFlags: 0
  m_BuildSettings:
    serializedVersion: 3
    agentTypeID: 0
    agentRadius: 0.5
    agentHeight: 2
    agentSlope: 45
    agentClimb: 0.4
    ledgeDropHeight: 0
    maxJumpAcrossDistance: 0
    minRegionArea: 2
    manualCellSize: 0
    cellSize: 0.16666667
    manualTileSize: 0
    tileSize: 256
    buildHeightMesh: 0
    maxJobWorkers: 0
    preserveTilesOutsideBounds: 0
    debug:
      m_Flags: 0
  m_NavMeshData: {fileID: 0}
--- !u!1001 &24830637
PrefabInstance:
  m_ObjectHideFlags: 0
  serializedVersion: 2
  m_Modification:
    serializedVersion: 3
    m_TransformParent: {fileID: 1781484314}
    m_Modifications:
    - target: {fileID: 322027628314914319, guid: 8ebc08280922cec4dbc2fe944f812774, type: 3}
      propertyPath: m_LocalPosition.x
      value: -0.491745
      objectReference: {fileID: 0}
    - target: {fileID: 322027628314914319, guid: 8ebc08280922cec4dbc2fe944f812774, type: 3}
      propertyPath: m_LocalPosition.y
      value: 5.129717
      objectReference: {fileID: 0}
    - target: {fileID: 322027628314914319, guid: 8ebc08280922cec4dbc2fe944f812774, type: 3}
      propertyPath: m_LocalPosition.z
      value: -4.0398293
      objectReference: {fileID: 0}
    - target: {fileID: 322027628314914319, guid: 8ebc08280922cec4dbc2fe944f812774, type: 3}
      propertyPath: m_LocalRotation.w
      value: 0
      objectReference: {fileID: 0}
    - target: {fileID: 322027628314914319, guid: 8ebc08280922cec4dbc2fe944f812774, type: 3}
      propertyPath: m_LocalRotation.x
      value: -0
      objectReference: {fileID: 0}
    - target: {fileID: 322027628314914319, guid: 8ebc08280922cec4dbc2fe944f812774, type: 3}
      propertyPath: m_LocalRotation.y
      value: 1
      objectReference: {fileID: 0}
    - target: {fileID: 322027628314914319, guid: 8ebc08280922cec4dbc2fe944f812774, type: 3}
      propertyPath: m_LocalRotation.z
      value: -0
      objectReference: {fileID: 0}
    - target: {fileID: 322027628314914319, guid: 8ebc08280922cec4dbc2fe944f812774, type: 3}
      propertyPath: m_LocalEulerAnglesHint.x
      value: 0
      objectReference: {fileID: 0}
    - target: {fileID: 322027628314914319, guid: 8ebc08280922cec4dbc2fe944f812774, type: 3}
      propertyPath: m_LocalEulerAnglesHint.y
      value: 180
      objectReference: {fileID: 0}
    - target: {fileID: 322027628314914319, guid: 8ebc08280922cec4dbc2fe944f812774, type: 3}
      propertyPath: m_LocalEulerAnglesHint.z
      value: 0
      objectReference: {fileID: 0}
    - target: {fileID: 908767925283522704, guid: 8ebc08280922cec4dbc2fe944f812774, type: 3}
      propertyPath: m_Name
      value: Floor (14)
      objectReference: {fileID: 0}
    m_RemovedComponents: []
    m_RemovedGameObjects: []
    m_AddedGameObjects: []
    m_AddedComponents: []
  m_SourcePrefab: {fileID: 100100000, guid: 8ebc08280922cec4dbc2fe944f812774, type: 3}
--- !u!1 &74436303
GameObject:
  m_ObjectHideFlags: 0
  m_CorrespondingSourceObject: {fileID: 0}
  m_PrefabInstance: {fileID: 0}
  m_PrefabAsset: {fileID: 0}
  serializedVersion: 6
  m_Component:
  - component: {fileID: 74436307}
  - component: {fileID: 74436306}
  - component: {fileID: 74436305}
  - component: {fileID: 74436304}
  m_Layer: 0
  m_Name: Dado 2
  m_TagString: Untagged
  m_Icon: {fileID: 0}
  m_NavMeshLayer: 0
  m_StaticEditorFlags: 0
  m_IsActive: 1
--- !u!64 &74436304
MeshCollider:
  m_ObjectHideFlags: 0
  m_CorrespondingSourceObject: {fileID: 0}
  m_PrefabInstance: {fileID: 0}
  m_PrefabAsset: {fileID: 0}
  m_GameObject: {fileID: 74436303}
  m_Material: {fileID: 0}
  m_IncludeLayers:
    serializedVersion: 2
    m_Bits: 0
  m_ExcludeLayers:
    serializedVersion: 2
    m_Bits: 0
  m_LayerOverridePriority: 0
  m_IsTrigger: 0
  m_ProvidesContacts: 0
  m_Enabled: 0
  serializedVersion: 5
  m_Convex: 0
  m_CookingOptions: 30
  m_Mesh: {fileID: 10209, guid: 0000000000000000e000000000000000, type: 0}
--- !u!23 &74436305
MeshRenderer:
  m_ObjectHideFlags: 0
  m_CorrespondingSourceObject: {fileID: 0}
  m_PrefabInstance: {fileID: 0}
  m_PrefabAsset: {fileID: 0}
  m_GameObject: {fileID: 74436303}
  m_Enabled: 1
  m_CastShadows: 1
  m_ReceiveShadows: 1
  m_DynamicOccludee: 1
  m_StaticShadowCaster: 0
  m_MotionVectors: 1
  m_LightProbeUsage: 1
  m_ReflectionProbeUsage: 1
  m_RayTracingMode: 2
  m_RayTraceProcedural: 0
  m_RenderingLayerMask: 1
  m_RendererPriority: 0
  m_Materials:
  - {fileID: 2100000, guid: 132fccbefe593854ea28a6722b381873, type: 2}
  m_StaticBatchInfo:
    firstSubMesh: 0
    subMeshCount: 0
  m_StaticBatchRoot: {fileID: 0}
  m_ProbeAnchor: {fileID: 0}
  m_LightProbeVolumeOverride: {fileID: 0}
  m_ScaleInLightmap: 1
  m_ReceiveGI: 1
  m_PreserveUVs: 0
  m_IgnoreNormalsForChartDetection: 0
  m_ImportantGI: 0
  m_StitchLightmapSeams: 1
  m_SelectedEditorRenderState: 3
  m_MinimumChartSize: 4
  m_AutoUVMaxDistance: 0.5
  m_AutoUVMaxAngle: 89
  m_LightmapParameters: {fileID: 0}
  m_SortingLayerID: 0
  m_SortingLayer: 0
  m_SortingOrder: 0
  m_AdditionalVertexStreams: {fileID: 0}
--- !u!33 &74436306
MeshFilter:
  m_ObjectHideFlags: 0
  m_CorrespondingSourceObject: {fileID: 0}
  m_PrefabInstance: {fileID: 0}
  m_PrefabAsset: {fileID: 0}
  m_GameObject: {fileID: 74436303}
  m_Mesh: {fileID: 10209, guid: 0000000000000000e000000000000000, type: 0}
--- !u!4 &74436307
Transform:
  m_ObjectHideFlags: 0
  m_CorrespondingSourceObject: {fileID: 0}
  m_PrefabInstance: {fileID: 0}
  m_PrefabAsset: {fileID: 0}
  m_GameObject: {fileID: 74436303}
  serializedVersion: 2
  m_LocalRotation: {x: 0.7071068, y: -0, z: -0, w: 0.7071068}
  m_LocalPosition: {x: 1, y: 1, z: 6}
  m_LocalScale: {x: 1, y: 1, z: 1}
  m_ConstrainProportionsScale: 0
  m_Children: []
  m_Father: {fileID: 1643335070}
  m_LocalEulerAnglesHint: {x: 90, y: 0, z: 0}
--- !u!1 &195590615
GameObject:
  m_ObjectHideFlags: 0
  m_CorrespondingSourceObject: {fileID: 0}
  m_PrefabInstance: {fileID: 0}
  m_PrefabAsset: {fileID: 0}
  serializedVersion: 6
  m_Component:
  - component: {fileID: 195590619}
  - component: {fileID: 195590618}
  - component: {fileID: 195590617}
  - component: {fileID: 195590616}
  m_Layer: 0
  m_Name: Plane
  m_TagString: Untagged
  m_Icon: {fileID: 0}
  m_NavMeshLayer: 0
  m_StaticEditorFlags: 0
  m_IsActive: 1
--- !u!64 &195590616
MeshCollider:
  m_ObjectHideFlags: 0
  m_CorrespondingSourceObject: {fileID: 0}
  m_PrefabInstance: {fileID: 0}
  m_PrefabAsset: {fileID: 0}
  m_GameObject: {fileID: 195590615}
  m_Material: {fileID: 13400000, guid: 3aeb7dadc0c69d54d9e5777e9d5631f1, type: 2}
  m_IncludeLayers:
    serializedVersion: 2
    m_Bits: 0
  m_ExcludeLayers:
    serializedVersion: 2
    m_Bits: 0
  m_LayerOverridePriority: 0
  m_IsTrigger: 0
  m_ProvidesContacts: 0
  m_Enabled: 1
  serializedVersion: 5
  m_Convex: 0
  m_CookingOptions: 30
  m_Mesh: {fileID: 10209, guid: 0000000000000000e000000000000000, type: 0}
--- !u!23 &195590617
MeshRenderer:
  m_ObjectHideFlags: 0
  m_CorrespondingSourceObject: {fileID: 0}
  m_PrefabInstance: {fileID: 0}
  m_PrefabAsset: {fileID: 0}
  m_GameObject: {fileID: 195590615}
  m_Enabled: 1
  m_CastShadows: 1
  m_ReceiveShadows: 1
  m_DynamicOccludee: 1
  m_StaticShadowCaster: 0
  m_MotionVectors: 1
  m_LightProbeUsage: 1
  m_ReflectionProbeUsage: 1
  m_RayTracingMode: 2
  m_RayTraceProcedural: 0
  m_RenderingLayerMask: 1
  m_RendererPriority: 0
  m_Materials:
  - {fileID: 2100000, guid: 3667ca4c8f65760469a4042b7e82157c, type: 2}
  m_StaticBatchInfo:
    firstSubMesh: 0
    subMeshCount: 0
  m_StaticBatchRoot: {fileID: 0}
  m_ProbeAnchor: {fileID: 0}
  m_LightProbeVolumeOverride: {fileID: 0}
  m_ScaleInLightmap: 1
  m_ReceiveGI: 1
  m_PreserveUVs: 0
  m_IgnoreNormalsForChartDetection: 0
  m_ImportantGI: 0
  m_StitchLightmapSeams: 1
  m_SelectedEditorRenderState: 3
  m_MinimumChartSize: 4
  m_AutoUVMaxDistance: 0.5
  m_AutoUVMaxAngle: 89
  m_LightmapParameters: {fileID: 0}
  m_SortingLayerID: 0
  m_SortingLayer: 0
  m_SortingOrder: 0
  m_AdditionalVertexStreams: {fileID: 0}
--- !u!33 &195590618
MeshFilter:
  m_ObjectHideFlags: 0
  m_CorrespondingSourceObject: {fileID: 0}
  m_PrefabInstance: {fileID: 0}
  m_PrefabAsset: {fileID: 0}
  m_GameObject: {fileID: 195590615}
  m_Mesh: {fileID: 10209, guid: 0000000000000000e000000000000000, type: 0}
--- !u!4 &195590619
Transform:
  m_ObjectHideFlags: 0
  m_CorrespondingSourceObject: {fileID: 0}
  m_PrefabInstance: {fileID: 0}
  m_PrefabAsset: {fileID: 0}
  m_GameObject: {fileID: 195590615}
  serializedVersion: 2
  m_LocalRotation: {x: 0, y: 0, z: 0, w: 1}
  m_LocalPosition: {x: 0, y: 0, z: 0}
  m_LocalScale: {x: 10, y: 1, z: 10}
  m_ConstrainProportionsScale: 0
  m_Children: []
  m_Father: {fileID: 0}
  m_LocalEulerAnglesHint: {x: 0, y: 0, z: 0}
--- !u!4 &271926292 stripped
Transform:
  m_CorrespondingSourceObject: {fileID: 322027628314914319, guid: 8ebc08280922cec4dbc2fe944f812774, type: 3}
  m_PrefabInstance: {fileID: 1852604627}
  m_PrefabAsset: {fileID: 0}
--- !u!4 &289224744 stripped
Transform:
  m_CorrespondingSourceObject: {fileID: 322027628314914319, guid: 8ebc08280922cec4dbc2fe944f812774, type: 3}
  m_PrefabInstance: {fileID: 353348604}
  m_PrefabAsset: {fileID: 0}
--- !u!1001 &348942836
PrefabInstance:
  m_ObjectHideFlags: 0
  serializedVersion: 2
  m_Modification:
    serializedVersion: 3
    m_TransformParent: {fileID: 1781484314}
    m_Modifications:
    - target: {fileID: 322027628314914319, guid: 8ebc08280922cec4dbc2fe944f812774, type: 3}
      propertyPath: m_LocalPosition.x
      value: -0.491745
      objectReference: {fileID: 0}
    - target: {fileID: 322027628314914319, guid: 8ebc08280922cec4dbc2fe944f812774, type: 3}
      propertyPath: m_LocalPosition.y
      value: -12.870283
      objectReference: {fileID: 0}
    - target: {fileID: 322027628314914319, guid: 8ebc08280922cec4dbc2fe944f812774, type: 3}
      propertyPath: m_LocalPosition.z
      value: -4.0398293
      objectReference: {fileID: 0}
    - target: {fileID: 322027628314914319, guid: 8ebc08280922cec4dbc2fe944f812774, type: 3}
      propertyPath: m_LocalRotation.w
      value: 0
      objectReference: {fileID: 0}
    - target: {fileID: 322027628314914319, guid: 8ebc08280922cec4dbc2fe944f812774, type: 3}
      propertyPath: m_LocalRotation.x
      value: -0
      objectReference: {fileID: 0}
    - target: {fileID: 322027628314914319, guid: 8ebc08280922cec4dbc2fe944f812774, type: 3}
      propertyPath: m_LocalRotation.y
      value: 1
      objectReference: {fileID: 0}
    - target: {fileID: 322027628314914319, guid: 8ebc08280922cec4dbc2fe944f812774, type: 3}
      propertyPath: m_LocalRotation.z
      value: -0
      objectReference: {fileID: 0}
    - target: {fileID: 322027628314914319, guid: 8ebc08280922cec4dbc2fe944f812774, type: 3}
      propertyPath: m_LocalEulerAnglesHint.x
      value: 0
      objectReference: {fileID: 0}
    - target: {fileID: 322027628314914319, guid: 8ebc08280922cec4dbc2fe944f812774, type: 3}
      propertyPath: m_LocalEulerAnglesHint.y
      value: 180
      objectReference: {fileID: 0}
    - target: {fileID: 322027628314914319, guid: 8ebc08280922cec4dbc2fe944f812774, type: 3}
      propertyPath: m_LocalEulerAnglesHint.z
      value: 0
      objectReference: {fileID: 0}
    - target: {fileID: 908767925283522704, guid: 8ebc08280922cec4dbc2fe944f812774, type: 3}
      propertyPath: m_Name
      value: Floor (2)
      objectReference: {fileID: 0}
    m_RemovedComponents: []
    m_RemovedGameObjects: []
    m_AddedGameObjects: []
    m_AddedComponents: []
  m_SourcePrefab: {fileID: 100100000, guid: 8ebc08280922cec4dbc2fe944f812774, type: 3}
--- !u!1001 &353348604
PrefabInstance:
  m_ObjectHideFlags: 0
  serializedVersion: 2
  m_Modification:
    serializedVersion: 3
    m_TransformParent: {fileID: 1781484314}
    m_Modifications:
    - target: {fileID: 322027628314914319, guid: 8ebc08280922cec4dbc2fe944f812774, type: 3}
      propertyPath: m_LocalPosition.x
      value: -0.491745
      objectReference: {fileID: 0}
    - target: {fileID: 322027628314914319, guid: 8ebc08280922cec4dbc2fe944f812774, type: 3}
      propertyPath: m_LocalPosition.y
      value: -6.870283
      objectReference: {fileID: 0}
    - target: {fileID: 322027628314914319, guid: 8ebc08280922cec4dbc2fe944f812774, type: 3}
      propertyPath: m_LocalPosition.z
      value: -4.0398293
      objectReference: {fileID: 0}
    - target: {fileID: 322027628314914319, guid: 8ebc08280922cec4dbc2fe944f812774, type: 3}
      propertyPath: m_LocalRotation.w
      value: 0
      objectReference: {fileID: 0}
    - target: {fileID: 322027628314914319, guid: 8ebc08280922cec4dbc2fe944f812774, type: 3}
      propertyPath: m_LocalRotation.x
      value: -0
      objectReference: {fileID: 0}
    - target: {fileID: 322027628314914319, guid: 8ebc08280922cec4dbc2fe944f812774, type: 3}
      propertyPath: m_LocalRotation.y
      value: 1
      objectReference: {fileID: 0}
    - target: {fileID: 322027628314914319, guid: 8ebc08280922cec4dbc2fe944f812774, type: 3}
      propertyPath: m_LocalRotation.z
      value: -0
      objectReference: {fileID: 0}
    - target: {fileID: 322027628314914319, guid: 8ebc08280922cec4dbc2fe944f812774, type: 3}
      propertyPath: m_LocalEulerAnglesHint.x
      value: 0
      objectReference: {fileID: 0}
    - target: {fileID: 322027628314914319, guid: 8ebc08280922cec4dbc2fe944f812774, type: 3}
      propertyPath: m_LocalEulerAnglesHint.y
      value: 180
      objectReference: {fileID: 0}
    - target: {fileID: 322027628314914319, guid: 8ebc08280922cec4dbc2fe944f812774, type: 3}
      propertyPath: m_LocalEulerAnglesHint.z
      value: 0
      objectReference: {fileID: 0}
    - target: {fileID: 908767925283522704, guid: 8ebc08280922cec4dbc2fe944f812774, type: 3}
      propertyPath: m_Name
      value: Floor (5)
      objectReference: {fileID: 0}
    m_RemovedComponents: []
    m_RemovedGameObjects: []
    m_AddedGameObjects: []
    m_AddedComponents: []
  m_SourcePrefab: {fileID: 100100000, guid: 8ebc08280922cec4dbc2fe944f812774, type: 3}
--- !u!1001 &467000102
PrefabInstance:
  m_ObjectHideFlags: 0
  serializedVersion: 2
  m_Modification:
    serializedVersion: 3
    m_TransformParent: {fileID: 1781484314}
    m_Modifications:
    - target: {fileID: 322027628314914319, guid: 8ebc08280922cec4dbc2fe944f812774, type: 3}
      propertyPath: m_LocalPosition.x
      value: -0.491745
      objectReference: {fileID: 0}
    - target: {fileID: 322027628314914319, guid: 8ebc08280922cec4dbc2fe944f812774, type: 3}
      propertyPath: m_LocalPosition.y
      value: -0.8702831
      objectReference: {fileID: 0}
    - target: {fileID: 322027628314914319, guid: 8ebc08280922cec4dbc2fe944f812774, type: 3}
      propertyPath: m_LocalPosition.z
      value: -4.0398293
      objectReference: {fileID: 0}
    - target: {fileID: 322027628314914319, guid: 8ebc08280922cec4dbc2fe944f812774, type: 3}
      propertyPath: m_LocalRotation.w
      value: 0
      objectReference: {fileID: 0}
    - target: {fileID: 322027628314914319, guid: 8ebc08280922cec4dbc2fe944f812774, type: 3}
      propertyPath: m_LocalRotation.x
      value: -0
      objectReference: {fileID: 0}
    - target: {fileID: 322027628314914319, guid: 8ebc08280922cec4dbc2fe944f812774, type: 3}
      propertyPath: m_LocalRotation.y
      value: 1
      objectReference: {fileID: 0}
    - target: {fileID: 322027628314914319, guid: 8ebc08280922cec4dbc2fe944f812774, type: 3}
      propertyPath: m_LocalRotation.z
      value: -0
      objectReference: {fileID: 0}
    - target: {fileID: 322027628314914319, guid: 8ebc08280922cec4dbc2fe944f812774, type: 3}
      propertyPath: m_LocalEulerAnglesHint.x
      value: 0
      objectReference: {fileID: 0}
    - target: {fileID: 322027628314914319, guid: 8ebc08280922cec4dbc2fe944f812774, type: 3}
      propertyPath: m_LocalEulerAnglesHint.y
      value: 180
      objectReference: {fileID: 0}
    - target: {fileID: 322027628314914319, guid: 8ebc08280922cec4dbc2fe944f812774, type: 3}
      propertyPath: m_LocalEulerAnglesHint.z
      value: 0
      objectReference: {fileID: 0}
    - target: {fileID: 908767925283522704, guid: 8ebc08280922cec4dbc2fe944f812774, type: 3}
      propertyPath: m_Name
      value: Floor (10)
      objectReference: {fileID: 0}
    m_RemovedComponents: []
    m_RemovedGameObjects: []
    m_AddedGameObjects: []
    m_AddedComponents: []
  m_SourcePrefab: {fileID: 100100000, guid: 8ebc08280922cec4dbc2fe944f812774, type: 3}
--- !u!1 &555602010
GameObject:
  m_ObjectHideFlags: 0
  m_CorrespondingSourceObject: {fileID: 0}
  m_PrefabInstance: {fileID: 0}
  m_PrefabAsset: {fileID: 0}
  serializedVersion: 6
  m_Component:
  - component: {fileID: 555602014}
  - component: {fileID: 555602013}
  - component: {fileID: 555602012}
  - component: {fileID: 555602011}
  m_Layer: 0
  m_Name: Dado 5
  m_TagString: Untagged
  m_Icon: {fileID: 0}
  m_NavMeshLayer: 0
  m_StaticEditorFlags: 0
  m_IsActive: 1
--- !u!64 &555602011
MeshCollider:
  m_ObjectHideFlags: 0
  m_CorrespondingSourceObject: {fileID: 0}
  m_PrefabInstance: {fileID: 0}
  m_PrefabAsset: {fileID: 0}
  m_GameObject: {fileID: 555602010}
  m_Material: {fileID: 0}
  m_IncludeLayers:
    serializedVersion: 2
    m_Bits: 0
  m_ExcludeLayers:
    serializedVersion: 2
    m_Bits: 0
  m_LayerOverridePriority: 0
  m_IsTrigger: 0
  m_ProvidesContacts: 0
  m_Enabled: 0
  serializedVersion: 5
  m_Convex: 0
  m_CookingOptions: 30
  m_Mesh: {fileID: 10209, guid: 0000000000000000e000000000000000, type: 0}
--- !u!23 &555602012
MeshRenderer:
  m_ObjectHideFlags: 0
  m_CorrespondingSourceObject: {fileID: 0}
  m_PrefabInstance: {fileID: 0}
  m_PrefabAsset: {fileID: 0}
  m_GameObject: {fileID: 555602010}
  m_Enabled: 1
  m_CastShadows: 1
  m_ReceiveShadows: 1
  m_DynamicOccludee: 1
  m_StaticShadowCaster: 0
  m_MotionVectors: 1
  m_LightProbeUsage: 1
  m_ReflectionProbeUsage: 1
  m_RayTracingMode: 2
  m_RayTraceProcedural: 0
  m_RenderingLayerMask: 1
  m_RendererPriority: 0
  m_Materials:
  - {fileID: 2100000, guid: 132fccbefe593854ea28a6722b381873, type: 2}
  m_StaticBatchInfo:
    firstSubMesh: 0
    subMeshCount: 0
  m_StaticBatchRoot: {fileID: 0}
  m_ProbeAnchor: {fileID: 0}
  m_LightProbeVolumeOverride: {fileID: 0}
  m_ScaleInLightmap: 1
  m_ReceiveGI: 1
  m_PreserveUVs: 0
  m_IgnoreNormalsForChartDetection: 0
  m_ImportantGI: 0
  m_StitchLightmapSeams: 1
  m_SelectedEditorRenderState: 3
  m_MinimumChartSize: 4
  m_AutoUVMaxDistance: 0.5
  m_AutoUVMaxAngle: 89
  m_LightmapParameters: {fileID: 0}
  m_SortingLayerID: 0
  m_SortingLayer: 0
  m_SortingOrder: 0
  m_AdditionalVertexStreams: {fileID: 0}
--- !u!33 &555602013
MeshFilter:
  m_ObjectHideFlags: 0
  m_CorrespondingSourceObject: {fileID: 0}
  m_PrefabInstance: {fileID: 0}
  m_PrefabAsset: {fileID: 0}
  m_GameObject: {fileID: 555602010}
  m_Mesh: {fileID: 10209, guid: 0000000000000000e000000000000000, type: 0}
--- !u!4 &555602014
Transform:
  m_ObjectHideFlags: 0
  m_CorrespondingSourceObject: {fileID: 0}
  m_PrefabInstance: {fileID: 0}
  m_PrefabAsset: {fileID: 0}
  m_GameObject: {fileID: 555602010}
  serializedVersion: 2
  m_LocalRotation: {x: 0.5, y: 0.5, z: -0.5, w: 0.5}
  m_LocalPosition: {x: 6, y: 1, z: 1}
  m_LocalScale: {x: 1, y: 1, z: 1}
  m_ConstrainProportionsScale: 0
  m_Children: []
  m_Father: {fileID: 1643335070}
  m_LocalEulerAnglesHint: {x: 90, y: 90, z: 0}
--- !u!4 &654880093 stripped
Transform:
  m_CorrespondingSourceObject: {fileID: 322027628314914319, guid: 8ebc08280922cec4dbc2fe944f812774, type: 3}
  m_PrefabInstance: {fileID: 942946598}
  m_PrefabAsset: {fileID: 0}
--- !u!4 &662087294 stripped
Transform:
  m_CorrespondingSourceObject: {fileID: 322027628314914319, guid: 8ebc08280922cec4dbc2fe944f812774, type: 3}
  m_PrefabInstance: {fileID: 1307326396}
  m_PrefabAsset: {fileID: 0}
--- !u!1 &705507993
GameObject:
  m_ObjectHideFlags: 0
  m_CorrespondingSourceObject: {fileID: 0}
  m_PrefabInstance: {fileID: 0}
  m_PrefabAsset: {fileID: 0}
  serializedVersion: 6
  m_Component:
  - component: {fileID: 705507995}
  - component: {fileID: 705507994}
  m_Layer: 0
  m_Name: Directional Light
  m_TagString: Untagged
  m_Icon: {fileID: 0}
  m_NavMeshLayer: 0
  m_StaticEditorFlags: 0
  m_IsActive: 1
--- !u!108 &705507994
Light:
  m_ObjectHideFlags: 0
  m_CorrespondingSourceObject: {fileID: 0}
  m_PrefabInstance: {fileID: 0}
  m_PrefabAsset: {fileID: 0}
  m_GameObject: {fileID: 705507993}
  m_Enabled: 1
  serializedVersion: 10
  m_Type: 1
  m_Shape: 0
  m_Color: {r: 1, g: 0.95686275, b: 0.8392157, a: 1}
  m_Intensity: 1
  m_Range: 10
  m_SpotAngle: 30
  m_InnerSpotAngle: 21.80208
  m_CookieSize: 10
  m_Shadows:
    m_Type: 2
    m_Resolution: -1
    m_CustomResolution: -1
    m_Strength: 1
    m_Bias: 0.05
    m_NormalBias: 0.4
    m_NearPlane: 0.2
    m_CullingMatrixOverride:
      e00: 1
      e01: 0
      e02: 0
      e03: 0
      e10: 0
      e11: 1
      e12: 0
      e13: 0
      e20: 0
      e21: 0
      e22: 1
      e23: 0
      e30: 0
      e31: 0
      e32: 0
      e33: 1
    m_UseCullingMatrixOverride: 0
  m_Cookie: {fileID: 0}
  m_DrawHalo: 0
  m_Flare: {fileID: 0}
  m_RenderMode: 0
  m_CullingMask:
    serializedVersion: 2
    m_Bits: 4294967295
  m_RenderingLayerMask: 1
  m_Lightmapping: 1
  m_LightShadowCasterMode: 0
  m_AreaSize: {x: 1, y: 1}
  m_BounceIntensity: 1
  m_ColorTemperature: 6570
  m_UseColorTemperature: 0
  m_BoundingSphereOverride: {x: 0, y: 0, z: 0, w: 0}
  m_UseBoundingSphereOverride: 0
  m_UseViewFrustumForShadowCasterCull: 1
  m_ShadowRadius: 0
  m_ShadowAngle: 0
--- !u!4 &705507995
Transform:
  m_ObjectHideFlags: 0
  m_CorrespondingSourceObject: {fileID: 0}
  m_PrefabInstance: {fileID: 0}
  m_PrefabAsset: {fileID: 0}
  m_GameObject: {fileID: 705507993}
  serializedVersion: 2
  m_LocalRotation: {x: 0.40821788, y: -0.23456968, z: 0.10938163, w: 0.8754261}
  m_LocalPosition: {x: 0, y: 3, z: 0}
  m_LocalScale: {x: 1, y: 1, z: 1}
  m_ConstrainProportionsScale: 0
  m_Children: []
  m_Father: {fileID: 0}
  m_LocalEulerAnglesHint: {x: 50, y: -30, z: 0}
--- !u!4 &733641367 stripped
Transform:
  m_CorrespondingSourceObject: {fileID: 322027628314914319, guid: 8ebc08280922cec4dbc2fe944f812774, type: 3}
  m_PrefabInstance: {fileID: 1661197460}
  m_PrefabAsset: {fileID: 0}
--- !u!4 &761697659 stripped
Transform:
  m_CorrespondingSourceObject: {fileID: 322027628314914319, guid: 8ebc08280922cec4dbc2fe944f812774, type: 3}
  m_PrefabInstance: {fileID: 1571602798}
  m_PrefabAsset: {fileID: 0}
--- !u!1001 &765002158
PrefabInstance:
  m_ObjectHideFlags: 0
  serializedVersion: 2
  m_Modification:
    serializedVersion: 3
    m_TransformParent: {fileID: 1781484314}
    m_Modifications:
    - target: {fileID: 322027628314914319, guid: 8ebc08280922cec4dbc2fe944f812774, type: 3}
      propertyPath: m_LocalPosition.x
      value: -0.491745
      objectReference: {fileID: 0}
    - target: {fileID: 322027628314914319, guid: 8ebc08280922cec4dbc2fe944f812774, type: 3}
      propertyPath: m_LocalPosition.y
      value: 8.129717
      objectReference: {fileID: 0}
    - target: {fileID: 322027628314914319, guid: 8ebc08280922cec4dbc2fe944f812774, type: 3}
      propertyPath: m_LocalPosition.z
      value: -4.0398293
      objectReference: {fileID: 0}
    - target: {fileID: 322027628314914319, guid: 8ebc08280922cec4dbc2fe944f812774, type: 3}
      propertyPath: m_LocalRotation.w
      value: 1
      objectReference: {fileID: 0}
    - target: {fileID: 322027628314914319, guid: 8ebc08280922cec4dbc2fe944f812774, type: 3}
      propertyPath: m_LocalRotation.x
      value: -0
      objectReference: {fileID: 0}
    - target: {fileID: 322027628314914319, guid: 8ebc08280922cec4dbc2fe944f812774, type: 3}
      propertyPath: m_LocalRotation.y
      value: -0
      objectReference: {fileID: 0}
    - target: {fileID: 322027628314914319, guid: 8ebc08280922cec4dbc2fe944f812774, type: 3}
      propertyPath: m_LocalRotation.z
      value: -0
      objectReference: {fileID: 0}
    - target: {fileID: 322027628314914319, guid: 8ebc08280922cec4dbc2fe944f812774, type: 3}
      propertyPath: m_LocalEulerAnglesHint.x
      value: 0
      objectReference: {fileID: 0}
    - target: {fileID: 322027628314914319, guid: 8ebc08280922cec4dbc2fe944f812774, type: 3}
      propertyPath: m_LocalEulerAnglesHint.y
      value: 0
      objectReference: {fileID: 0}
    - target: {fileID: 322027628314914319, guid: 8ebc08280922cec4dbc2fe944f812774, type: 3}
      propertyPath: m_LocalEulerAnglesHint.z
      value: 0
      objectReference: {fileID: 0}
    - target: {fileID: 908767925283522704, guid: 8ebc08280922cec4dbc2fe944f812774, type: 3}
      propertyPath: m_Name
      value: Floor (16)
      objectReference: {fileID: 0}
    m_RemovedComponents: []
    m_RemovedGameObjects: []
    m_AddedGameObjects: []
    m_AddedComponents: []
  m_SourcePrefab: {fileID: 100100000, guid: 8ebc08280922cec4dbc2fe944f812774, type: 3}
--- !u!1001 &838417122
PrefabInstance:
  m_ObjectHideFlags: 0
  serializedVersion: 2
  m_Modification:
    serializedVersion: 3
    m_TransformParent: {fileID: 1781484314}
    m_Modifications:
    - target: {fileID: 322027628314914319, guid: 8ebc08280922cec4dbc2fe944f812774, type: 3}
      propertyPath: m_LocalPosition.x
      value: -0.491745
      objectReference: {fileID: 0}
    - target: {fileID: 322027628314914319, guid: 8ebc08280922cec4dbc2fe944f812774, type: 3}
      propertyPath: m_LocalPosition.y
      value: 3.6297169
      objectReference: {fileID: 0}
    - target: {fileID: 322027628314914319, guid: 8ebc08280922cec4dbc2fe944f812774, type: 3}
      propertyPath: m_LocalPosition.z
      value: -4.0398293
      objectReference: {fileID: 0}
    - target: {fileID: 322027628314914319, guid: 8ebc08280922cec4dbc2fe944f812774, type: 3}
      propertyPath: m_LocalRotation.w
      value: 0.7071068
      objectReference: {fileID: 0}
    - target: {fileID: 322027628314914319, guid: 8ebc08280922cec4dbc2fe944f812774, type: 3}
      propertyPath: m_LocalRotation.x
      value: -0
      objectReference: {fileID: 0}
    - target: {fileID: 322027628314914319, guid: 8ebc08280922cec4dbc2fe944f812774, type: 3}
      propertyPath: m_LocalRotation.y
      value: 0.7071068
      objectReference: {fileID: 0}
    - target: {fileID: 322027628314914319, guid: 8ebc08280922cec4dbc2fe944f812774, type: 3}
      propertyPath: m_LocalRotation.z
      value: -0
      objectReference: {fileID: 0}
    - target: {fileID: 322027628314914319, guid: 8ebc08280922cec4dbc2fe944f812774, type: 3}
      propertyPath: m_LocalEulerAnglesHint.x
      value: 0
      objectReference: {fileID: 0}
    - target: {fileID: 322027628314914319, guid: 8ebc08280922cec4dbc2fe944f812774, type: 3}
      propertyPath: m_LocalEulerAnglesHint.y
      value: 90
      objectReference: {fileID: 0}
    - target: {fileID: 322027628314914319, guid: 8ebc08280922cec4dbc2fe944f812774, type: 3}
      propertyPath: m_LocalEulerAnglesHint.z
      value: 0
      objectReference: {fileID: 0}
    - target: {fileID: 908767925283522704, guid: 8ebc08280922cec4dbc2fe944f812774, type: 3}
      propertyPath: m_Name
      value: Floor (13)
      objectReference: {fileID: 0}
    m_RemovedComponents: []
    m_RemovedGameObjects: []
    m_AddedGameObjects: []
    m_AddedComponents: []
  m_SourcePrefab: {fileID: 100100000, guid: 8ebc08280922cec4dbc2fe944f812774, type: 3}
--- !u!1001 &942946598
PrefabInstance:
  m_ObjectHideFlags: 0
  serializedVersion: 2
  m_Modification:
    serializedVersion: 3
    m_TransformParent: {fileID: 1781484314}
    m_Modifications:
    - target: {fileID: 322027628314914319, guid: 8ebc08280922cec4dbc2fe944f812774, type: 3}
      propertyPath: m_LocalPosition.x
      value: -0.491745
      objectReference: {fileID: 0}
    - target: {fileID: 322027628314914319, guid: 8ebc08280922cec4dbc2fe944f812774, type: 3}
      propertyPath: m_LocalPosition.y
      value: 6.629717
      objectReference: {fileID: 0}
    - target: {fileID: 322027628314914319, guid: 8ebc08280922cec4dbc2fe944f812774, type: 3}
      propertyPath: m_LocalPosition.z
      value: -4.0398293
      objectReference: {fileID: 0}
    - target: {fileID: 322027628314914319, guid: 8ebc08280922cec4dbc2fe944f812774, type: 3}
      propertyPath: m_LocalRotation.w
      value: -0.7071068
      objectReference: {fileID: 0}
    - target: {fileID: 322027628314914319, guid: 8ebc08280922cec4dbc2fe944f812774, type: 3}
      propertyPath: m_LocalRotation.x
      value: 0
      objectReference: {fileID: 0}
    - target: {fileID: 322027628314914319, guid: 8ebc08280922cec4dbc2fe944f812774, type: 3}
      propertyPath: m_LocalRotation.y
      value: 0.7071068
      objectReference: {fileID: 0}
    - target: {fileID: 322027628314914319, guid: 8ebc08280922cec4dbc2fe944f812774, type: 3}
      propertyPath: m_LocalRotation.z
      value: -0
      objectReference: {fileID: 0}
    - target: {fileID: 322027628314914319, guid: 8ebc08280922cec4dbc2fe944f812774, type: 3}
      propertyPath: m_LocalEulerAnglesHint.x
      value: 0
      objectReference: {fileID: 0}
    - target: {fileID: 322027628314914319, guid: 8ebc08280922cec4dbc2fe944f812774, type: 3}
      propertyPath: m_LocalEulerAnglesHint.y
      value: 270
      objectReference: {fileID: 0}
    - target: {fileID: 322027628314914319, guid: 8ebc08280922cec4dbc2fe944f812774, type: 3}
      propertyPath: m_LocalEulerAnglesHint.z
      value: 0
      objectReference: {fileID: 0}
    - target: {fileID: 908767925283522704, guid: 8ebc08280922cec4dbc2fe944f812774, type: 3}
      propertyPath: m_Name
      value: Floor (15)
      objectReference: {fileID: 0}
    m_RemovedComponents: []
    m_RemovedGameObjects: []
    m_AddedGameObjects: []
    m_AddedComponents: []
  m_SourcePrefab: {fileID: 100100000, guid: 8ebc08280922cec4dbc2fe944f812774, type: 3}
--- !u!1 &963194225
GameObject:
  m_ObjectHideFlags: 0
  m_CorrespondingSourceObject: {fileID: 0}
  m_PrefabInstance: {fileID: 0}
  m_PrefabAsset: {fileID: 0}
  serializedVersion: 6
  m_Component:
  - component: {fileID: 963194228}
  - component: {fileID: 963194227}
  - component: {fileID: 963194226}
  m_Layer: 0
  m_Name: Main Camera
  m_TagString: MainCamera
  m_Icon: {fileID: 0}
  m_NavMeshLayer: 0
  m_StaticEditorFlags: 0
  m_IsActive: 1
--- !u!81 &963194226
AudioListener:
  m_ObjectHideFlags: 0
  m_CorrespondingSourceObject: {fileID: 0}
  m_PrefabInstance: {fileID: 0}
  m_PrefabAsset: {fileID: 0}
  m_GameObject: {fileID: 963194225}
  m_Enabled: 1
--- !u!20 &963194227
Camera:
  m_ObjectHideFlags: 0
  m_CorrespondingSourceObject: {fileID: 0}
  m_PrefabInstance: {fileID: 0}
  m_PrefabAsset: {fileID: 0}
  m_GameObject: {fileID: 963194225}
  m_Enabled: 1
  serializedVersion: 2
  m_ClearFlags: 1
  m_BackGroundColor: {r: 0.19215687, g: 0.3019608, b: 0.4745098, a: 0}
  m_projectionMatrixMode: 1
  m_GateFitMode: 2
  m_FOVAxisMode: 0
  m_Iso: 200
  m_ShutterSpeed: 0.005
  m_Aperture: 16
  m_FocusDistance: 10
  m_FocalLength: 50
  m_BladeCount: 5
  m_Curvature: {x: 2, y: 11}
  m_BarrelClipping: 0.25
  m_Anamorphism: 0
  m_SensorSize: {x: 36, y: 24}
  m_LensShift: {x: 0, y: 0}
  m_NormalizedViewPortRect:
    serializedVersion: 2
    x: 0
    y: 0
    width: 1
    height: 1
  near clip plane: 0.3
  far clip plane: 1000
  field of view: 60
  orthographic: 0
  orthographic size: 5
  m_Depth: -1
  m_CullingMask:
    serializedVersion: 2
    m_Bits: 4294967295
  m_RenderingPath: -1
  m_TargetTexture: {fileID: 0}
  m_TargetDisplay: 0
  m_TargetEye: 3
  m_HDR: 1
  m_AllowMSAA: 1
  m_AllowDynamicResolution: 0
  m_ForceIntoRT: 0
  m_OcclusionCulling: 1
  m_StereoConvergence: 10
  m_StereoSeparation: 0.022
--- !u!4 &963194228
Transform:
  m_ObjectHideFlags: 0
  m_CorrespondingSourceObject: {fileID: 0}
  m_PrefabInstance: {fileID: 0}
  m_PrefabAsset: {fileID: 0}
  m_GameObject: {fileID: 963194225}
  serializedVersion: 2
  m_LocalRotation: {x: -0.08629777, y: -0, z: -0, w: 0.99626946}
  m_LocalPosition: {x: 0, y: 0.3, z: -36.8}
  m_LocalScale: {x: 1, y: 1, z: 1}
  m_ConstrainProportionsScale: 0
  m_Children: []
  m_Father: {fileID: 0}
  m_LocalEulerAnglesHint: {x: -9.901, y: 0, z: 0}
--- !u!4 &1009362630 stripped
Transform:
  m_CorrespondingSourceObject: {fileID: 322027628314914319, guid: 8ebc08280922cec4dbc2fe944f812774, type: 3}
  m_PrefabInstance: {fileID: 838417122}
  m_PrefabAsset: {fileID: 0}
--- !u!4 &1014183716 stripped
Transform:
  m_CorrespondingSourceObject: {fileID: 322027628314914319, guid: 8ebc08280922cec4dbc2fe944f812774, type: 3}
  m_PrefabInstance: {fileID: 7877362587959782272}
  m_PrefabAsset: {fileID: 0}
--- !u!4 &1030482131 stripped
Transform:
  m_CorrespondingSourceObject: {fileID: 322027628314914319, guid: 8ebc08280922cec4dbc2fe944f812774, type: 3}
  m_PrefabInstance: {fileID: 1746218262}
  m_PrefabAsset: {fileID: 0}
--- !u!1 &1034130004
GameObject:
  m_ObjectHideFlags: 0
  m_CorrespondingSourceObject: {fileID: 0}
  m_PrefabInstance: {fileID: 0}
  m_PrefabAsset: {fileID: 0}
  serializedVersion: 6
  m_Component:
  - component: {fileID: 1034130008}
  - component: {fileID: 1034130007}
  - component: {fileID: 1034130006}
  - component: {fileID: 1034130005}
  m_Layer: 0
  m_Name: Dado 4
  m_TagString: Untagged
  m_Icon: {fileID: 0}
  m_NavMeshLayer: 0
  m_StaticEditorFlags: 0
  m_IsActive: 1
--- !u!64 &1034130005
MeshCollider:
  m_ObjectHideFlags: 0
  m_CorrespondingSourceObject: {fileID: 0}
  m_PrefabInstance: {fileID: 0}
  m_PrefabAsset: {fileID: 0}
  m_GameObject: {fileID: 1034130004}
  m_Material: {fileID: 0}
  m_IncludeLayers:
    serializedVersion: 2
    m_Bits: 0
  m_ExcludeLayers:
    serializedVersion: 2
    m_Bits: 0
  m_LayerOverridePriority: 0
  m_IsTrigger: 0
  m_ProvidesContacts: 0
  m_Enabled: 0
  serializedVersion: 5
  m_Convex: 0
  m_CookingOptions: 30
  m_Mesh: {fileID: 10209, guid: 0000000000000000e000000000000000, type: 0}
--- !u!23 &1034130006
MeshRenderer:
  m_ObjectHideFlags: 0
  m_CorrespondingSourceObject: {fileID: 0}
  m_PrefabInstance: {fileID: 0}
  m_PrefabAsset: {fileID: 0}
  m_GameObject: {fileID: 1034130004}
  m_Enabled: 1
  m_CastShadows: 1
  m_ReceiveShadows: 1
  m_DynamicOccludee: 1
  m_StaticShadowCaster: 0
  m_MotionVectors: 1
  m_LightProbeUsage: 1
  m_ReflectionProbeUsage: 1
  m_RayTracingMode: 2
  m_RayTraceProcedural: 0
  m_RenderingLayerMask: 1
  m_RendererPriority: 0
  m_Materials:
  - {fileID: 2100000, guid: a6d7d11a6b6e7e94182ce32a71696a81, type: 2}
  m_StaticBatchInfo:
    firstSubMesh: 0
    subMeshCount: 0
  m_StaticBatchRoot: {fileID: 0}
  m_ProbeAnchor: {fileID: 0}
  m_LightProbeVolumeOverride: {fileID: 0}
  m_ScaleInLightmap: 1
  m_ReceiveGI: 1
  m_PreserveUVs: 0
  m_IgnoreNormalsForChartDetection: 0
  m_ImportantGI: 0
  m_StitchLightmapSeams: 1
  m_SelectedEditorRenderState: 3
  m_MinimumChartSize: 4
  m_AutoUVMaxDistance: 0.5
  m_AutoUVMaxAngle: 89
  m_LightmapParameters: {fileID: 0}
  m_SortingLayerID: 0
  m_SortingLayer: 0
  m_SortingOrder: 0
  m_AdditionalVertexStreams: {fileID: 0}
--- !u!33 &1034130007
MeshFilter:
  m_ObjectHideFlags: 0
  m_CorrespondingSourceObject: {fileID: 0}
  m_PrefabInstance: {fileID: 0}
  m_PrefabAsset: {fileID: 0}
  m_GameObject: {fileID: 1034130004}
  m_Mesh: {fileID: 10209, guid: 0000000000000000e000000000000000, type: 0}
--- !u!4 &1034130008
Transform:
  m_ObjectHideFlags: 0
  m_CorrespondingSourceObject: {fileID: 0}
  m_PrefabInstance: {fileID: 0}
  m_PrefabAsset: {fileID: 0}
  m_GameObject: {fileID: 1034130004}
  serializedVersion: 2
  m_LocalRotation: {x: 0.5, y: -0.5, z: 0.5, w: 0.5}
  m_LocalPosition: {x: -4, y: 1, z: 1}
  m_LocalScale: {x: 1, y: 1, z: 1}
  m_ConstrainProportionsScale: 0
  m_Children: []
  m_Father: {fileID: 1643335070}
  m_LocalEulerAnglesHint: {x: 90, y: 90, z: 180}
--- !u!4 &1044983993 stripped
Transform:
  m_CorrespondingSourceObject: {fileID: 322027628314914319, guid: 8ebc08280922cec4dbc2fe944f812774, type: 3}
  m_PrefabInstance: {fileID: 1909541183}
  m_PrefabAsset: {fileID: 0}
--- !u!4 &1124840590 stripped
Transform:
  m_CorrespondingSourceObject: {fileID: 322027628314914319, guid: 8ebc08280922cec4dbc2fe944f812774, type: 3}
  m_PrefabInstance: {fileID: 1764367270}
  m_PrefabAsset: {fileID: 0}
--- !u!1 &1200845137
GameObject:
  m_ObjectHideFlags: 0
  m_CorrespondingSourceObject: {fileID: 0}
  m_PrefabInstance: {fileID: 0}
  m_PrefabAsset: {fileID: 0}
  serializedVersion: 6
  m_Component:
  - component: {fileID: 1200845141}
  - component: {fileID: 1200845140}
  - component: {fileID: 1200845139}
  - component: {fileID: 1200845138}
  m_Layer: 0
  m_Name: Dado 6
  m_TagString: Untagged
  m_Icon: {fileID: 0}
  m_NavMeshLayer: 0
  m_StaticEditorFlags: 0
  m_IsActive: 1
--- !u!64 &1200845138
MeshCollider:
  m_ObjectHideFlags: 0
  m_CorrespondingSourceObject: {fileID: 0}
  m_PrefabInstance: {fileID: 0}
  m_PrefabAsset: {fileID: 0}
  m_GameObject: {fileID: 1200845137}
  m_Material: {fileID: 0}
  m_IncludeLayers:
    serializedVersion: 2
    m_Bits: 0
  m_ExcludeLayers:
    serializedVersion: 2
    m_Bits: 0
  m_LayerOverridePriority: 0
  m_IsTrigger: 0
  m_ProvidesContacts: 0
  m_Enabled: 0
  serializedVersion: 5
  m_Convex: 0
  m_CookingOptions: 30
  m_Mesh: {fileID: 10209, guid: 0000000000000000e000000000000000, type: 0}
--- !u!23 &1200845139
MeshRenderer:
  m_ObjectHideFlags: 0
  m_CorrespondingSourceObject: {fileID: 0}
  m_PrefabInstance: {fileID: 0}
  m_PrefabAsset: {fileID: 0}
  m_GameObject: {fileID: 1200845137}
  m_Enabled: 1
  m_CastShadows: 1
  m_ReceiveShadows: 1
  m_DynamicOccludee: 1
  m_StaticShadowCaster: 0
  m_MotionVectors: 1
  m_LightProbeUsage: 1
  m_ReflectionProbeUsage: 1
  m_RayTracingMode: 2
  m_RayTraceProcedural: 0
  m_RenderingLayerMask: 1
  m_RendererPriority: 0
  m_Materials:
  - {fileID: 2100000, guid: 0137b4b64f281044f85cf182554f0f1e, type: 2}
  m_StaticBatchInfo:
    firstSubMesh: 0
    subMeshCount: 0
  m_StaticBatchRoot: {fileID: 0}
  m_ProbeAnchor: {fileID: 0}
  m_LightProbeVolumeOverride: {fileID: 0}
  m_ScaleInLightmap: 1
  m_ReceiveGI: 1
  m_PreserveUVs: 0
  m_IgnoreNormalsForChartDetection: 0
  m_ImportantGI: 0
  m_StitchLightmapSeams: 1
  m_SelectedEditorRenderState: 3
  m_MinimumChartSize: 4
  m_AutoUVMaxDistance: 0.5
  m_AutoUVMaxAngle: 89
  m_LightmapParameters: {fileID: 0}
  m_SortingLayerID: 0
  m_SortingLayer: 0
  m_SortingOrder: 0
  m_AdditionalVertexStreams: {fileID: 0}
--- !u!33 &1200845140
MeshFilter:
  m_ObjectHideFlags: 0
  m_CorrespondingSourceObject: {fileID: 0}
  m_PrefabInstance: {fileID: 0}
  m_PrefabAsset: {fileID: 0}
  m_GameObject: {fileID: 1200845137}
  m_Mesh: {fileID: 10209, guid: 0000000000000000e000000000000000, type: 0}
--- !u!4 &1200845141
Transform:
  m_ObjectHideFlags: 0
  m_CorrespondingSourceObject: {fileID: 0}
  m_PrefabInstance: {fileID: 0}
  m_PrefabAsset: {fileID: 0}
  m_GameObject: {fileID: 1200845137}
  serializedVersion: 2
  m_LocalRotation: {x: 0, y: 0, z: 0, w: 1}
  m_LocalPosition: {x: 1, y: 6, z: 1}
  m_LocalScale: {x: 1, y: 1, z: 1}
  m_ConstrainProportionsScale: 0
  m_Children: []
  m_Father: {fileID: 1643335070}
  m_LocalEulerAnglesHint: {x: 0, y: 0, z: 0}
--- !u!1001 &1227826075
PrefabInstance:
  m_ObjectHideFlags: 0
  serializedVersion: 2
  m_Modification:
    serializedVersion: 3
    m_TransformParent: {fileID: 1781484314}
    m_Modifications:
    - target: {fileID: 322027628314914319, guid: 8ebc08280922cec4dbc2fe944f812774, type: 3}
      propertyPath: m_LocalPosition.x
      value: -0.491745
      objectReference: {fileID: 0}
    - target: {fileID: 322027628314914319, guid: 8ebc08280922cec4dbc2fe944f812774, type: 3}
      propertyPath: m_LocalPosition.y
      value: 9.629717
      objectReference: {fileID: 0}
    - target: {fileID: 322027628314914319, guid: 8ebc08280922cec4dbc2fe944f812774, type: 3}
      propertyPath: m_LocalPosition.z
      value: -4.0398293
      objectReference: {fileID: 0}
    - target: {fileID: 322027628314914319, guid: 8ebc08280922cec4dbc2fe944f812774, type: 3}
      propertyPath: m_LocalRotation.w
      value: 0.7071068
      objectReference: {fileID: 0}
    - target: {fileID: 322027628314914319, guid: 8ebc08280922cec4dbc2fe944f812774, type: 3}
      propertyPath: m_LocalRotation.x
      value: -0
      objectReference: {fileID: 0}
    - target: {fileID: 322027628314914319, guid: 8ebc08280922cec4dbc2fe944f812774, type: 3}
      propertyPath: m_LocalRotation.y
      value: 0.7071068
      objectReference: {fileID: 0}
    - target: {fileID: 322027628314914319, guid: 8ebc08280922cec4dbc2fe944f812774, type: 3}
      propertyPath: m_LocalRotation.z
      value: -0
      objectReference: {fileID: 0}
    - target: {fileID: 322027628314914319, guid: 8ebc08280922cec4dbc2fe944f812774, type: 3}
      propertyPath: m_LocalEulerAnglesHint.x
      value: 0
      objectReference: {fileID: 0}
    - target: {fileID: 322027628314914319, guid: 8ebc08280922cec4dbc2fe944f812774, type: 3}
      propertyPath: m_LocalEulerAnglesHint.y
      value: 90
      objectReference: {fileID: 0}
    - target: {fileID: 322027628314914319, guid: 8ebc08280922cec4dbc2fe944f812774, type: 3}
      propertyPath: m_LocalEulerAnglesHint.z
      value: 0
      objectReference: {fileID: 0}
    - target: {fileID: 908767925283522704, guid: 8ebc08280922cec4dbc2fe944f812774, type: 3}
      propertyPath: m_Name
      value: Floor (17)
      objectReference: {fileID: 0}
    m_RemovedComponents: []
    m_RemovedGameObjects: []
    m_AddedGameObjects: []
    m_AddedComponents: []
  m_SourcePrefab: {fileID: 100100000, guid: 8ebc08280922cec4dbc2fe944f812774, type: 3}
--- !u!1 &1262436632
GameObject:
  m_ObjectHideFlags: 0
  m_CorrespondingSourceObject: {fileID: 0}
  m_PrefabInstance: {fileID: 0}
  m_PrefabAsset: {fileID: 0}
  serializedVersion: 6
  m_Component:
  - component: {fileID: 1262436636}
  - component: {fileID: 1262436635}
  - component: {fileID: 1262436634}
  - component: {fileID: 1262436633}
  m_Layer: 0
  m_Name: Dado 1
  m_TagString: Untagged
  m_Icon: {fileID: 0}
  m_NavMeshLayer: 0
  m_StaticEditorFlags: 0
  m_IsActive: 1
--- !u!64 &1262436633
MeshCollider:
  m_ObjectHideFlags: 0
  m_CorrespondingSourceObject: {fileID: 0}
  m_PrefabInstance: {fileID: 0}
  m_PrefabAsset: {fileID: 0}
  m_GameObject: {fileID: 1262436632}
  m_Material: {fileID: 0}
  m_IncludeLayers:
    serializedVersion: 2
    m_Bits: 0
  m_ExcludeLayers:
    serializedVersion: 2
    m_Bits: 0
  m_LayerOverridePriority: 0
  m_IsTrigger: 0
  m_ProvidesContacts: 0
  m_Enabled: 0
  serializedVersion: 5
  m_Convex: 0
  m_CookingOptions: 30
  m_Mesh: {fileID: 10209, guid: 0000000000000000e000000000000000, type: 0}
--- !u!23 &1262436634
MeshRenderer:
  m_ObjectHideFlags: 0
  m_CorrespondingSourceObject: {fileID: 0}
  m_PrefabInstance: {fileID: 0}
  m_PrefabAsset: {fileID: 0}
  m_GameObject: {fileID: 1262436632}
  m_Enabled: 1
  m_CastShadows: 1
  m_ReceiveShadows: 1
  m_DynamicOccludee: 1
  m_StaticShadowCaster: 0
  m_MotionVectors: 1
  m_LightProbeUsage: 1
  m_ReflectionProbeUsage: 1
  m_RayTracingMode: 2
  m_RayTraceProcedural: 0
  m_RenderingLayerMask: 1
  m_RendererPriority: 0
  m_Materials:
  - {fileID: 2100000, guid: a6d7d11a6b6e7e94182ce32a71696a81, type: 2}
  m_StaticBatchInfo:
    firstSubMesh: 0
    subMeshCount: 0
  m_StaticBatchRoot: {fileID: 0}
  m_ProbeAnchor: {fileID: 0}
  m_LightProbeVolumeOverride: {fileID: 0}
  m_ScaleInLightmap: 1
  m_ReceiveGI: 1
  m_PreserveUVs: 0
  m_IgnoreNormalsForChartDetection: 0
  m_ImportantGI: 0
  m_StitchLightmapSeams: 1
  m_SelectedEditorRenderState: 3
  m_MinimumChartSize: 4
  m_AutoUVMaxDistance: 0.5
  m_AutoUVMaxAngle: 89
  m_LightmapParameters: {fileID: 0}
  m_SortingLayerID: 0
  m_SortingLayer: 0
  m_SortingOrder: 0
  m_AdditionalVertexStreams: {fileID: 0}
--- !u!33 &1262436635
MeshFilter:
  m_ObjectHideFlags: 0
  m_CorrespondingSourceObject: {fileID: 0}
  m_PrefabInstance: {fileID: 0}
  m_PrefabAsset: {fileID: 0}
  m_GameObject: {fileID: 1262436632}
  m_Mesh: {fileID: 10209, guid: 0000000000000000e000000000000000, type: 0}
--- !u!4 &1262436636
Transform:
  m_ObjectHideFlags: 0
  m_CorrespondingSourceObject: {fileID: 0}
  m_PrefabInstance: {fileID: 0}
  m_PrefabAsset: {fileID: 0}
  m_GameObject: {fileID: 1262436632}
  serializedVersion: 2
  m_LocalRotation: {x: 0, y: 0, z: 1, w: 0}
  m_LocalPosition: {x: 1, y: -4, z: 1}
  m_LocalScale: {x: 1, y: 1, z: 1}
  m_ConstrainProportionsScale: 0
  m_Children: []
  m_Father: {fileID: 1643335070}
  m_LocalEulerAnglesHint: {x: 0, y: 0, z: 180}
--- !u!1001 &1307326396
PrefabInstance:
  m_ObjectHideFlags: 0
  serializedVersion: 2
  m_Modification:
    serializedVersion: 3
    m_TransformParent: {fileID: 1781484314}
    m_Modifications:
    - target: {fileID: 322027628314914319, guid: 8ebc08280922cec4dbc2fe944f812774, type: 3}
      propertyPath: m_LocalPosition.x
      value: -0.491745
      objectReference: {fileID: 0}
    - target: {fileID: 322027628314914319, guid: 8ebc08280922cec4dbc2fe944f812774, type: 3}
      propertyPath: m_LocalPosition.y
      value: 0.6297169
      objectReference: {fileID: 0}
    - target: {fileID: 322027628314914319, guid: 8ebc08280922cec4dbc2fe944f812774, type: 3}
      propertyPath: m_LocalPosition.z
      value: -4.0398293
      objectReference: {fileID: 0}
    - target: {fileID: 322027628314914319, guid: 8ebc08280922cec4dbc2fe944f812774, type: 3}
      propertyPath: m_LocalRotation.w
      value: -0.7071068
      objectReference: {fileID: 0}
    - target: {fileID: 322027628314914319, guid: 8ebc08280922cec4dbc2fe944f812774, type: 3}
      propertyPath: m_LocalRotation.x
      value: 0
      objectReference: {fileID: 0}
    - target: {fileID: 322027628314914319, guid: 8ebc08280922cec4dbc2fe944f812774, type: 3}
      propertyPath: m_LocalRotation.y
      value: 0.7071068
      objectReference: {fileID: 0}
    - target: {fileID: 322027628314914319, guid: 8ebc08280922cec4dbc2fe944f812774, type: 3}
      propertyPath: m_LocalRotation.z
      value: -0
      objectReference: {fileID: 0}
    - target: {fileID: 322027628314914319, guid: 8ebc08280922cec4dbc2fe944f812774, type: 3}
      propertyPath: m_LocalEulerAnglesHint.x
      value: 0
      objectReference: {fileID: 0}
    - target: {fileID: 322027628314914319, guid: 8ebc08280922cec4dbc2fe944f812774, type: 3}
      propertyPath: m_LocalEulerAnglesHint.y
      value: 270
      objectReference: {fileID: 0}
    - target: {fileID: 322027628314914319, guid: 8ebc08280922cec4dbc2fe944f812774, type: 3}
      propertyPath: m_LocalEulerAnglesHint.z
      value: 0
      objectReference: {fileID: 0}
    - target: {fileID: 908767925283522704, guid: 8ebc08280922cec4dbc2fe944f812774, type: 3}
      propertyPath: m_Name
      value: Floor (11)
      objectReference: {fileID: 0}
    m_RemovedComponents: []
    m_RemovedGameObjects: []
    m_AddedGameObjects: []
    m_AddedComponents: []
  m_SourcePrefab: {fileID: 100100000, guid: 8ebc08280922cec4dbc2fe944f812774, type: 3}
--- !u!4 &1322260920 stripped
Transform:
  m_CorrespondingSourceObject: {fileID: 322027628314914319, guid: 8ebc08280922cec4dbc2fe944f812774, type: 3}
  m_PrefabInstance: {fileID: 1227826075}
  m_PrefabAsset: {fileID: 0}
--- !u!1001 &1418254594
PrefabInstance:
  m_ObjectHideFlags: 0
  serializedVersion: 2
  m_Modification:
    serializedVersion: 3
    m_TransformParent: {fileID: 1781484314}
    m_Modifications:
    - target: {fileID: 322027628314914319, guid: 8ebc08280922cec4dbc2fe944f812774, type: 3}
      propertyPath: m_LocalPosition.x
      value: -0.491745
      objectReference: {fileID: 0}
    - target: {fileID: 322027628314914319, guid: 8ebc08280922cec4dbc2fe944f812774, type: 3}
      propertyPath: m_LocalPosition.y
      value: 2.1297169
      objectReference: {fileID: 0}
    - target: {fileID: 322027628314914319, guid: 8ebc08280922cec4dbc2fe944f812774, type: 3}
      propertyPath: m_LocalPosition.z
      value: -4.0398293
      objectReference: {fileID: 0}
    - target: {fileID: 322027628314914319, guid: 8ebc08280922cec4dbc2fe944f812774, type: 3}
      propertyPath: m_LocalRotation.w
      value: 1
      objectReference: {fileID: 0}
    - target: {fileID: 322027628314914319, guid: 8ebc08280922cec4dbc2fe944f812774, type: 3}
      propertyPath: m_LocalRotation.x
      value: -0
      objectReference: {fileID: 0}
    - target: {fileID: 322027628314914319, guid: 8ebc08280922cec4dbc2fe944f812774, type: 3}
      propertyPath: m_LocalRotation.y
      value: -0
      objectReference: {fileID: 0}
    - target: {fileID: 322027628314914319, guid: 8ebc08280922cec4dbc2fe944f812774, type: 3}
      propertyPath: m_LocalRotation.z
      value: -0
      objectReference: {fileID: 0}
    - target: {fileID: 322027628314914319, guid: 8ebc08280922cec4dbc2fe944f812774, type: 3}
      propertyPath: m_LocalEulerAnglesHint.x
      value: 0
      objectReference: {fileID: 0}
    - target: {fileID: 322027628314914319, guid: 8ebc08280922cec4dbc2fe944f812774, type: 3}
      propertyPath: m_LocalEulerAnglesHint.y
      value: 0
      objectReference: {fileID: 0}
    - target: {fileID: 322027628314914319, guid: 8ebc08280922cec4dbc2fe944f812774, type: 3}
      propertyPath: m_LocalEulerAnglesHint.z
      value: 0
      objectReference: {fileID: 0}
    - target: {fileID: 908767925283522704, guid: 8ebc08280922cec4dbc2fe944f812774, type: 3}
      propertyPath: m_Name
      value: Floor (12)
      objectReference: {fileID: 0}
    m_RemovedComponents: []
    m_RemovedGameObjects: []
    m_AddedGameObjects: []
    m_AddedComponents: []
  m_SourcePrefab: {fileID: 100100000, guid: 8ebc08280922cec4dbc2fe944f812774, type: 3}
--- !u!4 &1427534965 stripped
Transform:
  m_CorrespondingSourceObject: {fileID: 322027628314914319, guid: 8ebc08280922cec4dbc2fe944f812774, type: 3}
  m_PrefabInstance: {fileID: 348942836}
  m_PrefabAsset: {fileID: 0}
--- !u!1001 &1441827777
PrefabInstance:
  m_ObjectHideFlags: 0
  serializedVersion: 2
  m_Modification:
    serializedVersion: 3
    m_TransformParent: {fileID: 1781484314}
    m_Modifications:
    - target: {fileID: 322027628314914319, guid: 8ebc08280922cec4dbc2fe944f812774, type: 3}
      propertyPath: m_LocalPosition.x
      value: -0.491745
      objectReference: {fileID: 0}
    - target: {fileID: 322027628314914319, guid: 8ebc08280922cec4dbc2fe944f812774, type: 3}
      propertyPath: m_LocalPosition.y
      value: -11.370283
      objectReference: {fileID: 0}
    - target: {fileID: 322027628314914319, guid: 8ebc08280922cec4dbc2fe944f812774, type: 3}
      propertyPath: m_LocalPosition.z
      value: -4.0398293
      objectReference: {fileID: 0}
    - target: {fileID: 322027628314914319, guid: 8ebc08280922cec4dbc2fe944f812774, type: 3}
      propertyPath: m_LocalRotation.w
      value: -0.7071068
      objectReference: {fileID: 0}
    - target: {fileID: 322027628314914319, guid: 8ebc08280922cec4dbc2fe944f812774, type: 3}
      propertyPath: m_LocalRotation.x
      value: 0
      objectReference: {fileID: 0}
    - target: {fileID: 322027628314914319, guid: 8ebc08280922cec4dbc2fe944f812774, type: 3}
      propertyPath: m_LocalRotation.y
      value: 0.7071068
      objectReference: {fileID: 0}
    - target: {fileID: 322027628314914319, guid: 8ebc08280922cec4dbc2fe944f812774, type: 3}
      propertyPath: m_LocalRotation.z
      value: -0
      objectReference: {fileID: 0}
    - target: {fileID: 322027628314914319, guid: 8ebc08280922cec4dbc2fe944f812774, type: 3}
      propertyPath: m_LocalEulerAnglesHint.x
      value: 0
      objectReference: {fileID: 0}
    - target: {fileID: 322027628314914319, guid: 8ebc08280922cec4dbc2fe944f812774, type: 3}
      propertyPath: m_LocalEulerAnglesHint.y
      value: 270
      objectReference: {fileID: 0}
    - target: {fileID: 322027628314914319, guid: 8ebc08280922cec4dbc2fe944f812774, type: 3}
      propertyPath: m_LocalEulerAnglesHint.z
      value: 0
      objectReference: {fileID: 0}
    - target: {fileID: 908767925283522704, guid: 8ebc08280922cec4dbc2fe944f812774, type: 3}
      propertyPath: m_Name
      value: Floor (3)
      objectReference: {fileID: 0}
    m_RemovedComponents: []
    m_RemovedGameObjects: []
    m_AddedGameObjects: []
    m_AddedComponents: []
  m_SourcePrefab: {fileID: 100100000, guid: 8ebc08280922cec4dbc2fe944f812774, type: 3}
--- !u!1 &1479161186
GameObject:
  m_ObjectHideFlags: 0
  m_CorrespondingSourceObject: {fileID: 0}
  m_PrefabInstance: {fileID: 0}
  m_PrefabAsset: {fileID: 0}
  serializedVersion: 6
  m_Component:
  - component: {fileID: 1479161190}
  - component: {fileID: 1479161189}
  - component: {fileID: 1479161188}
  - component: {fileID: 1479161187}
  m_Layer: 0
  m_Name: Dado 3
  m_TagString: Untagged
  m_Icon: {fileID: 0}
  m_NavMeshLayer: 0
  m_StaticEditorFlags: 0
  m_IsActive: 1
--- !u!64 &1479161187
MeshCollider:
  m_ObjectHideFlags: 0
  m_CorrespondingSourceObject: {fileID: 0}
  m_PrefabInstance: {fileID: 0}
  m_PrefabAsset: {fileID: 0}
  m_GameObject: {fileID: 1479161186}
  m_Material: {fileID: 0}
  m_IncludeLayers:
    serializedVersion: 2
    m_Bits: 0
  m_ExcludeLayers:
    serializedVersion: 2
    m_Bits: 0
  m_LayerOverridePriority: 0
  m_IsTrigger: 0
  m_ProvidesContacts: 0
  m_Enabled: 0
  serializedVersion: 5
  m_Convex: 0
  m_CookingOptions: 30
  m_Mesh: {fileID: 10209, guid: 0000000000000000e000000000000000, type: 0}
--- !u!23 &1479161188
MeshRenderer:
  m_ObjectHideFlags: 0
  m_CorrespondingSourceObject: {fileID: 0}
  m_PrefabInstance: {fileID: 0}
  m_PrefabAsset: {fileID: 0}
  m_GameObject: {fileID: 1479161186}
  m_Enabled: 1
  m_CastShadows: 1
  m_ReceiveShadows: 1
  m_DynamicOccludee: 1
  m_StaticShadowCaster: 0
  m_MotionVectors: 1
  m_LightProbeUsage: 1
  m_ReflectionProbeUsage: 1
  m_RayTracingMode: 2
  m_RayTraceProcedural: 0
  m_RenderingLayerMask: 1
  m_RendererPriority: 0
  m_Materials:
  - {fileID: 2100000, guid: 0137b4b64f281044f85cf182554f0f1e, type: 2}
  m_StaticBatchInfo:
    firstSubMesh: 0
    subMeshCount: 0
  m_StaticBatchRoot: {fileID: 0}
  m_ProbeAnchor: {fileID: 0}
  m_LightProbeVolumeOverride: {fileID: 0}
  m_ScaleInLightmap: 1
  m_ReceiveGI: 1
  m_PreserveUVs: 0
  m_IgnoreNormalsForChartDetection: 0
  m_ImportantGI: 0
  m_StitchLightmapSeams: 1
  m_SelectedEditorRenderState: 3
  m_MinimumChartSize: 4
  m_AutoUVMaxDistance: 0.5
  m_AutoUVMaxAngle: 89
  m_LightmapParameters: {fileID: 0}
  m_SortingLayerID: 0
  m_SortingLayer: 0
  m_SortingOrder: 0
  m_AdditionalVertexStreams: {fileID: 0}
--- !u!33 &1479161189
MeshFilter:
  m_ObjectHideFlags: 0
  m_CorrespondingSourceObject: {fileID: 0}
  m_PrefabInstance: {fileID: 0}
  m_PrefabAsset: {fileID: 0}
  m_GameObject: {fileID: 1479161186}
  m_Mesh: {fileID: 10209, guid: 0000000000000000e000000000000000, type: 0}
--- !u!4 &1479161190
Transform:
  m_ObjectHideFlags: 0
  m_CorrespondingSourceObject: {fileID: 0}
  m_PrefabInstance: {fileID: 0}
  m_PrefabAsset: {fileID: 0}
  m_GameObject: {fileID: 1479161186}
  serializedVersion: 2
  m_LocalRotation: {x: 0, y: 0.7071068, z: -0.7071068, w: 0}
  m_LocalPosition: {x: 1, y: 1, z: -4}
  m_LocalScale: {x: 1, y: 1, z: 1}
  m_ConstrainProportionsScale: 0
  m_Children: []
  m_Father: {fileID: 1643335070}
  m_LocalEulerAnglesHint: {x: 90, y: 0, z: -180}
--- !u!4 &1549093210 stripped
Transform:
  m_CorrespondingSourceObject: {fileID: 322027628314914319, guid: 8ebc08280922cec4dbc2fe944f812774, type: 3}
  m_PrefabInstance: {fileID: 467000102}
  m_PrefabAsset: {fileID: 0}
--- !u!1001 &1571602798
PrefabInstance:
  m_ObjectHideFlags: 0
  serializedVersion: 2
  m_Modification:
    serializedVersion: 3
    m_TransformParent: {fileID: 1781484314}
    m_Modifications:
    - target: {fileID: 322027628314914319, guid: 8ebc08280922cec4dbc2fe944f812774, type: 3}
      propertyPath: m_LocalPosition.x
      value: -0.491745
      objectReference: {fileID: 0}
    - target: {fileID: 322027628314914319, guid: 8ebc08280922cec4dbc2fe944f812774, type: 3}
      propertyPath: m_LocalPosition.y
      value: -5.370283
      objectReference: {fileID: 0}
    - target: {fileID: 322027628314914319, guid: 8ebc08280922cec4dbc2fe944f812774, type: 3}
      propertyPath: m_LocalPosition.z
      value: -4.0398293
      objectReference: {fileID: 0}
    - target: {fileID: 322027628314914319, guid: 8ebc08280922cec4dbc2fe944f812774, type: 3}
      propertyPath: m_LocalRotation.w
      value: -0.7071068
      objectReference: {fileID: 0}
    - target: {fileID: 322027628314914319, guid: 8ebc08280922cec4dbc2fe944f812774, type: 3}
      propertyPath: m_LocalRotation.x
      value: 0
      objectReference: {fileID: 0}
    - target: {fileID: 322027628314914319, guid: 8ebc08280922cec4dbc2fe944f812774, type: 3}
      propertyPath: m_LocalRotation.y
      value: 0.7071068
      objectReference: {fileID: 0}
    - target: {fileID: 322027628314914319, guid: 8ebc08280922cec4dbc2fe944f812774, type: 3}
      propertyPath: m_LocalRotation.z
      value: -0
      objectReference: {fileID: 0}
    - target: {fileID: 322027628314914319, guid: 8ebc08280922cec4dbc2fe944f812774, type: 3}
      propertyPath: m_LocalEulerAnglesHint.x
      value: 0
      objectReference: {fileID: 0}
    - target: {fileID: 322027628314914319, guid: 8ebc08280922cec4dbc2fe944f812774, type: 3}
      propertyPath: m_LocalEulerAnglesHint.y
      value: 270
      objectReference: {fileID: 0}
    - target: {fileID: 322027628314914319, guid: 8ebc08280922cec4dbc2fe944f812774, type: 3}
      propertyPath: m_LocalEulerAnglesHint.z
      value: 0
      objectReference: {fileID: 0}
    - target: {fileID: 908767925283522704, guid: 8ebc08280922cec4dbc2fe944f812774, type: 3}
      propertyPath: m_Name
      value: Floor (7)
      objectReference: {fileID: 0}
    m_RemovedComponents: []
    m_RemovedGameObjects: []
    m_AddedGameObjects: []
    m_AddedComponents: []
  m_SourcePrefab: {fileID: 100100000, guid: 8ebc08280922cec4dbc2fe944f812774, type: 3}
--- !u!4 &1594767685 stripped
Transform:
  m_CorrespondingSourceObject: {fileID: 322027628314914319, guid: 8ebc08280922cec4dbc2fe944f812774, type: 3}
  m_PrefabInstance: {fileID: 1441827777}
  m_PrefabAsset: {fileID: 0}
--- !u!4 &1614698574 stripped
Transform:
  m_CorrespondingSourceObject: {fileID: 322027628314914319, guid: 8ebc08280922cec4dbc2fe944f812774, type: 3}
  m_PrefabInstance: {fileID: 765002158}
  m_PrefabAsset: {fileID: 0}
--- !u!1 &1643335069
GameObject:
  m_ObjectHideFlags: 0
  m_CorrespondingSourceObject: {fileID: 0}
  m_PrefabInstance: {fileID: 0}
  m_PrefabAsset: {fileID: 0}
  serializedVersion: 6
  m_Component:
  - component: {fileID: 1643335070}
  - component: {fileID: 1643335071}
  - component: {fileID: 1643335072}
  m_Layer: 0
  m_Name: Dado
  m_TagString: Untagged
  m_Icon: {fileID: 0}
  m_NavMeshLayer: 0
  m_StaticEditorFlags: 0
  m_IsActive: 1
--- !u!4 &1643335070
Transform:
  m_ObjectHideFlags: 0
  m_CorrespondingSourceObject: {fileID: 0}
  m_PrefabInstance: {fileID: 0}
  m_PrefabAsset: {fileID: 0}
  m_GameObject: {fileID: 1643335069}
  serializedVersion: 2
  m_LocalRotation: {x: 0.46193978, y: 0.19134173, z: 0.19134173, w: 0.84462327}
  m_LocalPosition: {x: 1.6, y: 21.5, z: -25.6}
  m_LocalScale: {x: 0.398355, y: 0.398355, z: 0.398355}
  m_ConstrainProportionsScale: 0
  m_Children:
  - {fileID: 1262436636}
  - {fileID: 74436307}
  - {fileID: 1479161190}
  - {fileID: 1034130008}
  - {fileID: 555602014}
  - {fileID: 1200845141}
  m_Father: {fileID: 0}
  m_LocalEulerAnglesHint: {x: 45, y: 45, z: 45}
--- !u!54 &1643335071
Rigidbody:
  m_ObjectHideFlags: 0
  m_CorrespondingSourceObject: {fileID: 0}
  m_PrefabInstance: {fileID: 0}
  m_PrefabAsset: {fileID: 0}
  m_GameObject: {fileID: 1643335069}
  serializedVersion: 4
  m_Mass: 1
  m_Drag: 0
  m_AngularDrag: 0.05
  m_CenterOfMass: {x: 0, y: 0, z: 0}
  m_InertiaTensor: {x: 1, y: 1, z: 1}
  m_InertiaRotation: {x: 0, y: 0, z: 0, w: 1}
  m_IncludeLayers:
    serializedVersion: 2
    m_Bits: 0
  m_ExcludeLayers:
    serializedVersion: 2
    m_Bits: 0
  m_ImplicitCom: 1
  m_ImplicitTensor: 1
  m_UseGravity: 1
  m_IsKinematic: 0
  m_Interpolate: 0
  m_Constraints: 0
  m_CollisionDetection: 0
--- !u!65 &1643335072
BoxCollider:
  m_ObjectHideFlags: 0
  m_CorrespondingSourceObject: {fileID: 0}
  m_PrefabInstance: {fileID: 0}
  m_PrefabAsset: {fileID: 0}
  m_GameObject: {fileID: 1643335069}
  m_Material: {fileID: 0}
  m_IncludeLayers:
    serializedVersion: 2
    m_Bits: 0
  m_ExcludeLayers:
    serializedVersion: 2
    m_Bits: 0
  m_LayerOverridePriority: 0
  m_IsTrigger: 0
  m_ProvidesContacts: 0
  m_Enabled: 1
  serializedVersion: 3
  m_Size: {x: 9.8514385, y: 9.939079, z: 9.939077}
  m_Center: {x: 1.0078357, y: 1.1392908, z: 0.96401536}
--- !u!1001 &1661197460
PrefabInstance:
  m_ObjectHideFlags: 0
  serializedVersion: 2
  m_Modification:
    serializedVersion: 3
    m_TransformParent: {fileID: 1781484314}
    m_Modifications:
    - target: {fileID: 322027628314914319, guid: 8ebc08280922cec4dbc2fe944f812774, type: 3}
      propertyPath: m_LocalPosition.x
      value: -0.491745
      objectReference: {fileID: 0}
    - target: {fileID: 322027628314914319, guid: 8ebc08280922cec4dbc2fe944f812774, type: 3}
      propertyPath: m_LocalPosition.y
      value: -2.3702831
      objectReference: {fileID: 0}
    - target: {fileID: 322027628314914319, guid: 8ebc08280922cec4dbc2fe944f812774, type: 3}
      propertyPath: m_LocalPosition.z
      value: -4.0398293
      objectReference: {fileID: 0}
    - target: {fileID: 322027628314914319, guid: 8ebc08280922cec4dbc2fe944f812774, type: 3}
      propertyPath: m_LocalRotation.w
      value: 0.7071068
      objectReference: {fileID: 0}
    - target: {fileID: 322027628314914319, guid: 8ebc08280922cec4dbc2fe944f812774, type: 3}
      propertyPath: m_LocalRotation.x
      value: -0
      objectReference: {fileID: 0}
    - target: {fileID: 322027628314914319, guid: 8ebc08280922cec4dbc2fe944f812774, type: 3}
      propertyPath: m_LocalRotation.y
      value: 0.7071068
      objectReference: {fileID: 0}
    - target: {fileID: 322027628314914319, guid: 8ebc08280922cec4dbc2fe944f812774, type: 3}
      propertyPath: m_LocalRotation.z
      value: -0
      objectReference: {fileID: 0}
    - target: {fileID: 322027628314914319, guid: 8ebc08280922cec4dbc2fe944f812774, type: 3}
      propertyPath: m_LocalEulerAnglesHint.x
      value: 0
      objectReference: {fileID: 0}
    - target: {fileID: 322027628314914319, guid: 8ebc08280922cec4dbc2fe944f812774, type: 3}
      propertyPath: m_LocalEulerAnglesHint.y
      value: 90
      objectReference: {fileID: 0}
    - target: {fileID: 322027628314914319, guid: 8ebc08280922cec4dbc2fe944f812774, type: 3}
      propertyPath: m_LocalEulerAnglesHint.z
      value: 0
      objectReference: {fileID: 0}
    - target: {fileID: 908767925283522704, guid: 8ebc08280922cec4dbc2fe944f812774, type: 3}
      propertyPath: m_Name
      value: Floor (9)
      objectReference: {fileID: 0}
    m_RemovedComponents: []
    m_RemovedGameObjects: []
    m_AddedGameObjects: []
    m_AddedComponents: []
  m_SourcePrefab: {fileID: 100100000, guid: 8ebc08280922cec4dbc2fe944f812774, type: 3}
--- !u!1001 &1746218262
PrefabInstance:
  m_ObjectHideFlags: 0
  serializedVersion: 2
  m_Modification:
    serializedVersion: 3
    m_TransformParent: {fileID: 1781484314}
    m_Modifications:
    - target: {fileID: 322027628314914319, guid: 8ebc08280922cec4dbc2fe944f812774, type: 3}
      propertyPath: m_LocalPosition.x
      value: -0.491745
      objectReference: {fileID: 0}
    - target: {fileID: 322027628314914319, guid: 8ebc08280922cec4dbc2fe944f812774, type: 3}
      propertyPath: m_LocalPosition.y
      value: -8.370283
      objectReference: {fileID: 0}
    - target: {fileID: 322027628314914319, guid: 8ebc08280922cec4dbc2fe944f812774, type: 3}
      propertyPath: m_LocalPosition.z
      value: -4.0398293
      objectReference: {fileID: 0}
    - target: {fileID: 322027628314914319, guid: 8ebc08280922cec4dbc2fe944f812774, type: 3}
      propertyPath: m_LocalRotation.w
      value: 0.7071068
      objectReference: {fileID: 0}
    - target: {fileID: 322027628314914319, guid: 8ebc08280922cec4dbc2fe944f812774, type: 3}
      propertyPath: m_LocalRotation.x
      value: -0
      objectReference: {fileID: 0}
    - target: {fileID: 322027628314914319, guid: 8ebc08280922cec4dbc2fe944f812774, type: 3}
      propertyPath: m_LocalRotation.y
      value: 0.7071068
      objectReference: {fileID: 0}
    - target: {fileID: 322027628314914319, guid: 8ebc08280922cec4dbc2fe944f812774, type: 3}
      propertyPath: m_LocalRotation.z
      value: -0
      objectReference: {fileID: 0}
    - target: {fileID: 322027628314914319, guid: 8ebc08280922cec4dbc2fe944f812774, type: 3}
      propertyPath: m_LocalEulerAnglesHint.x
      value: 0
      objectReference: {fileID: 0}
    - target: {fileID: 322027628314914319, guid: 8ebc08280922cec4dbc2fe944f812774, type: 3}
      propertyPath: m_LocalEulerAnglesHint.y
      value: 90
      objectReference: {fileID: 0}
    - target: {fileID: 322027628314914319, guid: 8ebc08280922cec4dbc2fe944f812774, type: 3}
      propertyPath: m_LocalEulerAnglesHint.z
      value: 0
      objectReference: {fileID: 0}
    - target: {fileID: 908767925283522704, guid: 8ebc08280922cec4dbc2fe944f812774, type: 3}
      propertyPath: m_Name
      value: Floor (6)
      objectReference: {fileID: 0}
    m_RemovedComponents: []
    m_RemovedGameObjects: []
    m_AddedGameObjects: []
    m_AddedComponents: []
  m_SourcePrefab: {fileID: 100100000, guid: 8ebc08280922cec4dbc2fe944f812774, type: 3}
--- !u!1001 &1764367270
PrefabInstance:
  m_ObjectHideFlags: 0
  serializedVersion: 2
  m_Modification:
    serializedVersion: 3
    m_TransformParent: {fileID: 1781484314}
    m_Modifications:
    - target: {fileID: 322027628314914319, guid: 8ebc08280922cec4dbc2fe944f812774, type: 3}
      propertyPath: m_LocalPosition.x
      value: -0.491745
      objectReference: {fileID: 0}
    - target: {fileID: 322027628314914319, guid: 8ebc08280922cec4dbc2fe944f812774, type: 3}
      propertyPath: m_LocalPosition.y
      value: 11.129717
      objectReference: {fileID: 0}
    - target: {fileID: 322027628314914319, guid: 8ebc08280922cec4dbc2fe944f812774, type: 3}
      propertyPath: m_LocalPosition.z
      value: -4.0398293
      objectReference: {fileID: 0}
    - target: {fileID: 322027628314914319, guid: 8ebc08280922cec4dbc2fe944f812774, type: 3}
      propertyPath: m_LocalRotation.w
      value: 0
      objectReference: {fileID: 0}
    - target: {fileID: 322027628314914319, guid: 8ebc08280922cec4dbc2fe944f812774, type: 3}
      propertyPath: m_LocalRotation.x
      value: -0
      objectReference: {fileID: 0}
    - target: {fileID: 322027628314914319, guid: 8ebc08280922cec4dbc2fe944f812774, type: 3}
      propertyPath: m_LocalRotation.y
      value: 1
      objectReference: {fileID: 0}
    - target: {fileID: 322027628314914319, guid: 8ebc08280922cec4dbc2fe944f812774, type: 3}
      propertyPath: m_LocalRotation.z
      value: -0
      objectReference: {fileID: 0}
    - target: {fileID: 322027628314914319, guid: 8ebc08280922cec4dbc2fe944f812774, type: 3}
      propertyPath: m_LocalEulerAnglesHint.x
      value: 0
      objectReference: {fileID: 0}
    - target: {fileID: 322027628314914319, guid: 8ebc08280922cec4dbc2fe944f812774, type: 3}
      propertyPath: m_LocalEulerAnglesHint.y
      value: 180
      objectReference: {fileID: 0}
    - target: {fileID: 322027628314914319, guid: 8ebc08280922cec4dbc2fe944f812774, type: 3}
      propertyPath: m_LocalEulerAnglesHint.z
      value: 0
      objectReference: {fileID: 0}
    - target: {fileID: 908767925283522704, guid: 8ebc08280922cec4dbc2fe944f812774, type: 3}
      propertyPath: m_Name
      value: Floor (19)
      objectReference: {fileID: 0}
    m_RemovedComponents: []
    m_RemovedGameObjects: []
    m_AddedGameObjects: []
    m_AddedComponents: []
  m_SourcePrefab: {fileID: 100100000, guid: 8ebc08280922cec4dbc2fe944f812774, type: 3}
--- !u!1 &1781484313
GameObject:
  m_ObjectHideFlags: 0
  m_CorrespondingSourceObject: {fileID: 0}
  m_PrefabInstance: {fileID: 0}
  m_PrefabAsset: {fileID: 0}
  serializedVersion: 6
  m_Component:
  - component: {fileID: 1781484314}
  m_Layer: 0
  m_Name: GameObject
  m_TagString: Untagged
  m_Icon: {fileID: 0}
  m_NavMeshLayer: 0
  m_StaticEditorFlags: 0
  m_IsActive: 1
--- !u!4 &1781484314
Transform:
  m_ObjectHideFlags: 0
  m_CorrespondingSourceObject: {fileID: 0}
  m_PrefabInstance: {fileID: 0}
  m_PrefabAsset: {fileID: 0}
  m_GameObject: {fileID: 1781484313}
  serializedVersion: 2
  m_LocalRotation: {x: 0, y: 0, z: 0, w: 1}
  m_LocalPosition: {x: 0.491745, y: 15.870283, z: 4.0398293}
  m_LocalScale: {x: 1, y: 1, z: 1}
  m_ConstrainProportionsScale: 0
  m_Children:
  - {fileID: 1014183716}
  - {fileID: 2011975804}
  - {fileID: 1427534965}
  - {fileID: 1594767685}
  - {fileID: 271926292}
  - {fileID: 289224744}
  - {fileID: 1030482131}
  - {fileID: 761697659}
  - {fileID: 1044983993}
  - {fileID: 733641367}
  - {fileID: 1549093210}
  - {fileID: 662087294}
  - {fileID: 1982418815}
  - {fileID: 1009362630}
  - {fileID: 1870684288}
  - {fileID: 654880093}
  - {fileID: 1614698574}
  - {fileID: 1322260920}
  - {fileID: 1124840590}
  m_Father: {fileID: 0}
  m_LocalEulerAnglesHint: {x: 0, y: 0, z: 0}
--- !u!1001 &1792289603
PrefabInstance:
  m_ObjectHideFlags: 0
  serializedVersion: 2
  m_Modification:
    serializedVersion: 3
    m_TransformParent: {fileID: 1781484314}
    m_Modifications:
    - target: {fileID: 322027628314914319, guid: 8ebc08280922cec4dbc2fe944f812774, type: 3}
      propertyPath: m_LocalScale.y
      value: 1
      objectReference: {fileID: 0}
    - target: {fileID: 322027628314914319, guid: 8ebc08280922cec4dbc2fe944f812774, type: 3}
      propertyPath: m_LocalPosition.x
      value: -0.491745
      objectReference: {fileID: 0}
    - target: {fileID: 322027628314914319, guid: 8ebc08280922cec4dbc2fe944f812774, type: 3}
      propertyPath: m_LocalPosition.y
      value: -14.370283
      objectReference: {fileID: 0}
    - target: {fileID: 322027628314914319, guid: 8ebc08280922cec4dbc2fe944f812774, type: 3}
      propertyPath: m_LocalPosition.z
      value: -4.0398293
      objectReference: {fileID: 0}
    - target: {fileID: 322027628314914319, guid: 8ebc08280922cec4dbc2fe944f812774, type: 3}
      propertyPath: m_LocalRotation.w
      value: 0.7071068
      objectReference: {fileID: 0}
    - target: {fileID: 322027628314914319, guid: 8ebc08280922cec4dbc2fe944f812774, type: 3}
      propertyPath: m_LocalRotation.x
      value: -0
      objectReference: {fileID: 0}
    - target: {fileID: 322027628314914319, guid: 8ebc08280922cec4dbc2fe944f812774, type: 3}
      propertyPath: m_LocalRotation.y
      value: 0.7071068
      objectReference: {fileID: 0}
    - target: {fileID: 322027628314914319, guid: 8ebc08280922cec4dbc2fe944f812774, type: 3}
      propertyPath: m_LocalRotation.z
      value: -0
      objectReference: {fileID: 0}
    - target: {fileID: 322027628314914319, guid: 8ebc08280922cec4dbc2fe944f812774, type: 3}
      propertyPath: m_LocalEulerAnglesHint.x
      value: 0
      objectReference: {fileID: 0}
    - target: {fileID: 322027628314914319, guid: 8ebc08280922cec4dbc2fe944f812774, type: 3}
      propertyPath: m_LocalEulerAnglesHint.y
      value: 90
      objectReference: {fileID: 0}
    - target: {fileID: 322027628314914319, guid: 8ebc08280922cec4dbc2fe944f812774, type: 3}
      propertyPath: m_LocalEulerAnglesHint.z
      value: 0
      objectReference: {fileID: 0}
    - target: {fileID: 908767925283522704, guid: 8ebc08280922cec4dbc2fe944f812774, type: 3}
      propertyPath: m_Name
      value: Floor (1)
      objectReference: {fileID: 0}
    m_RemovedComponents: []
    m_RemovedGameObjects: []
    m_AddedGameObjects: []
    m_AddedComponents: []
  m_SourcePrefab: {fileID: 100100000, guid: 8ebc08280922cec4dbc2fe944f812774, type: 3}
--- !u!1001 &1852604627
PrefabInstance:
  m_ObjectHideFlags: 0
  serializedVersion: 2
  m_Modification:
    serializedVersion: 3
    m_TransformParent: {fileID: 1781484314}
    m_Modifications:
    - target: {fileID: 322027628314914319, guid: 8ebc08280922cec4dbc2fe944f812774, type: 3}
      propertyPath: m_LocalPosition.x
      value: -0.491745
      objectReference: {fileID: 0}
    - target: {fileID: 322027628314914319, guid: 8ebc08280922cec4dbc2fe944f812774, type: 3}
      propertyPath: m_LocalPosition.y
      value: -9.870283
      objectReference: {fileID: 0}
    - target: {fileID: 322027628314914319, guid: 8ebc08280922cec4dbc2fe944f812774, type: 3}
      propertyPath: m_LocalPosition.z
      value: -4.0398293
      objectReference: {fileID: 0}
    - target: {fileID: 322027628314914319, guid: 8ebc08280922cec4dbc2fe944f812774, type: 3}
      propertyPath: m_LocalRotation.w
      value: 1
      objectReference: {fileID: 0}
    - target: {fileID: 322027628314914319, guid: 8ebc08280922cec4dbc2fe944f812774, type: 3}
      propertyPath: m_LocalRotation.x
      value: -0
      objectReference: {fileID: 0}
    - target: {fileID: 322027628314914319, guid: 8ebc08280922cec4dbc2fe944f812774, type: 3}
      propertyPath: m_LocalRotation.y
      value: -0
      objectReference: {fileID: 0}
    - target: {fileID: 322027628314914319, guid: 8ebc08280922cec4dbc2fe944f812774, type: 3}
      propertyPath: m_LocalRotation.z
      value: -0
      objectReference: {fileID: 0}
    - target: {fileID: 322027628314914319, guid: 8ebc08280922cec4dbc2fe944f812774, type: 3}
      propertyPath: m_LocalEulerAnglesHint.x
      value: 0
      objectReference: {fileID: 0}
    - target: {fileID: 322027628314914319, guid: 8ebc08280922cec4dbc2fe944f812774, type: 3}
      propertyPath: m_LocalEulerAnglesHint.y
      value: 0
      objectReference: {fileID: 0}
    - target: {fileID: 322027628314914319, guid: 8ebc08280922cec4dbc2fe944f812774, type: 3}
      propertyPath: m_LocalEulerAnglesHint.z
      value: 0
      objectReference: {fileID: 0}
    - target: {fileID: 908767925283522704, guid: 8ebc08280922cec4dbc2fe944f812774, type: 3}
      propertyPath: m_Name
      value: Floor (4)
      objectReference: {fileID: 0}
    m_RemovedComponents: []
    m_RemovedGameObjects: []
    m_AddedGameObjects: []
    m_AddedComponents: []
  m_SourcePrefab: {fileID: 100100000, guid: 8ebc08280922cec4dbc2fe944f812774, type: 3}
--- !u!4 &1870684288 stripped
Transform:
  m_CorrespondingSourceObject: {fileID: 322027628314914319, guid: 8ebc08280922cec4dbc2fe944f812774, type: 3}
  m_PrefabInstance: {fileID: 24830637}
  m_PrefabAsset: {fileID: 0}
--- !u!1001 &1909541183
PrefabInstance:
  m_ObjectHideFlags: 0
  serializedVersion: 2
  m_Modification:
    serializedVersion: 3
    m_TransformParent: {fileID: 1781484314}
    m_Modifications:
    - target: {fileID: 322027628314914319, guid: 8ebc08280922cec4dbc2fe944f812774, type: 3}
      propertyPath: m_LocalPosition.x
      value: -0.491745
      objectReference: {fileID: 0}
    - target: {fileID: 322027628314914319, guid: 8ebc08280922cec4dbc2fe944f812774, type: 3}
      propertyPath: m_LocalPosition.y
      value: -3.8702831
      objectReference: {fileID: 0}
    - target: {fileID: 322027628314914319, guid: 8ebc08280922cec4dbc2fe944f812774, type: 3}
      propertyPath: m_LocalPosition.z
      value: -4.0398293
      objectReference: {fileID: 0}
    - target: {fileID: 322027628314914319, guid: 8ebc08280922cec4dbc2fe944f812774, type: 3}
      propertyPath: m_LocalRotation.w
      value: 1
      objectReference: {fileID: 0}
    - target: {fileID: 322027628314914319, guid: 8ebc08280922cec4dbc2fe944f812774, type: 3}
      propertyPath: m_LocalRotation.x
      value: -0
      objectReference: {fileID: 0}
    - target: {fileID: 322027628314914319, guid: 8ebc08280922cec4dbc2fe944f812774, type: 3}
      propertyPath: m_LocalRotation.y
      value: -0
      objectReference: {fileID: 0}
    - target: {fileID: 322027628314914319, guid: 8ebc08280922cec4dbc2fe944f812774, type: 3}
      propertyPath: m_LocalRotation.z
      value: -0
      objectReference: {fileID: 0}
    - target: {fileID: 322027628314914319, guid: 8ebc08280922cec4dbc2fe944f812774, type: 3}
      propertyPath: m_LocalEulerAnglesHint.x
      value: 0
      objectReference: {fileID: 0}
    - target: {fileID: 322027628314914319, guid: 8ebc08280922cec4dbc2fe944f812774, type: 3}
      propertyPath: m_LocalEulerAnglesHint.y
      value: 0
      objectReference: {fileID: 0}
    - target: {fileID: 322027628314914319, guid: 8ebc08280922cec4dbc2fe944f812774, type: 3}
      propertyPath: m_LocalEulerAnglesHint.z
      value: 0
      objectReference: {fileID: 0}
    - target: {fileID: 908767925283522704, guid: 8ebc08280922cec4dbc2fe944f812774, type: 3}
      propertyPath: m_Name
      value: Floor (8)
      objectReference: {fileID: 0}
    m_RemovedComponents: []
    m_RemovedGameObjects: []
    m_AddedGameObjects: []
    m_AddedComponents: []
  m_SourcePrefab: {fileID: 100100000, guid: 8ebc08280922cec4dbc2fe944f812774, type: 3}
--- !u!4 &1982418815 stripped
Transform:
  m_CorrespondingSourceObject: {fileID: 322027628314914319, guid: 8ebc08280922cec4dbc2fe944f812774, type: 3}
  m_PrefabInstance: {fileID: 1418254594}
  m_PrefabAsset: {fileID: 0}
--- !u!4 &2011975804 stripped
Transform:
  m_CorrespondingSourceObject: {fileID: 322027628314914319, guid: 8ebc08280922cec4dbc2fe944f812774, type: 3}
  m_PrefabInstance: {fileID: 1792289603}
  m_PrefabAsset: {fileID: 0}
--- !u!1001 &7877362587959782272
PrefabInstance:
  m_ObjectHideFlags: 0
  serializedVersion: 2
  m_Modification:
    serializedVersion: 3
    m_TransformParent: {fileID: 1781484314}
    m_Modifications:
    - target: {fileID: 322027628314914319, guid: 8ebc08280922cec4dbc2fe944f812774, type: 3}
      propertyPath: m_LocalPosition.x
      value: -0.491745
      objectReference: {fileID: 0}
    - target: {fileID: 322027628314914319, guid: 8ebc08280922cec4dbc2fe944f812774, type: 3}
      propertyPath: m_LocalPosition.y
      value: -15.870283
      objectReference: {fileID: 0}
    - target: {fileID: 322027628314914319, guid: 8ebc08280922cec4dbc2fe944f812774, type: 3}
      propertyPath: m_LocalPosition.z
      value: -4.0398293
      objectReference: {fileID: 0}
    - target: {fileID: 322027628314914319, guid: 8ebc08280922cec4dbc2fe944f812774, type: 3}
      propertyPath: m_LocalRotation.w
      value: 1
      objectReference: {fileID: 0}
    - target: {fileID: 322027628314914319, guid: 8ebc08280922cec4dbc2fe944f812774, type: 3}
      propertyPath: m_LocalRotation.x
      value: -0
      objectReference: {fileID: 0}
    - target: {fileID: 322027628314914319, guid: 8ebc08280922cec4dbc2fe944f812774, type: 3}
      propertyPath: m_LocalRotation.y
      value: -0
      objectReference: {fileID: 0}
    - target: {fileID: 322027628314914319, guid: 8ebc08280922cec4dbc2fe944f812774, type: 3}
      propertyPath: m_LocalRotation.z
      value: -0
      objectReference: {fileID: 0}
    - target: {fileID: 322027628314914319, guid: 8ebc08280922cec4dbc2fe944f812774, type: 3}
      propertyPath: m_LocalEulerAnglesHint.x
      value: 0
      objectReference: {fileID: 0}
    - target: {fileID: 322027628314914319, guid: 8ebc08280922cec4dbc2fe944f812774, type: 3}
      propertyPath: m_LocalEulerAnglesHint.y
      value: 0
      objectReference: {fileID: 0}
    - target: {fileID: 322027628314914319, guid: 8ebc08280922cec4dbc2fe944f812774, type: 3}
      propertyPath: m_LocalEulerAnglesHint.z
      value: 0
      objectReference: {fileID: 0}
    - target: {fileID: 908767925283522704, guid: 8ebc08280922cec4dbc2fe944f812774, type: 3}
      propertyPath: m_Name
      value: Floor
      objectReference: {fileID: 0}
    m_RemovedComponents: []
    m_RemovedGameObjects: []
    m_AddedGameObjects: []
    m_AddedComponents: []
  m_SourcePrefab: {fileID: 100100000, guid: 8ebc08280922cec4dbc2fe944f812774, type: 3}
--- !u!1660057539 &9223372036854775807
SceneRoots:
  m_ObjectHideFlags: 0
  m_Roots:
  - {fileID: 963194228}
  - {fileID: 705507995}
  - {fileID: 195590619}
  - {fileID: 1781484314}
  - {fileID: 1643335070}
